2932 4936
354 1162 387 1225 A
405 1175 480 1242 (Stre
497 1176 593 1240 Ranl).

238 1269 404 1353 Tempore
421 1289 488 1351 quo
503 1269 570 1333 Dei
584 1268 755 1353 templum

108 1371 183 1424 1187.
194 1358 373 1422 fedaverat
397 1357 590 1434 saladinus,
612 1356 754 1421 Yeroso·

194 1446 481 1528 limitanamquea
514 1466 595 1510 vero
625 1446 754 1510 invase·

193 1538 274 1598 rant
292 1535 467 1598 civitatem
484 1535 587 1598 Turei
611 1538 646 1599 et
670 1535 754 1598 ohri·

195 1624 343 1686 stianam
359 1624 511 1687 exercitu
535 1644 612 1687 oum
628 1643 753 1706 magno

196 1712 401 1795 dissipavere
442 1712 592 1795 plebem,
640 1712 753 1796 displi-

196 1801 304 1863 cuisse
321 1800 395 1864 Deo
417 1802 555 1864 videtur
577 1801 754 1863 tirannum

195 1889 305 1952 scelus
321 1889 393 1953 tale
409 1889 541 1966 fecisse,
558 1892 599 1951 ut
615 1890 754 1971 quidem

195 1977 373 2042 eeclesiam
399 1978 615 2042 conculcaret
639 1979 754 2042 catho-

194 2067 306 2130 licam.
354 2067 400 2130 Et
428 2087 513 2130 eam·
534 2068 593 2148 qui
617 2066 753 2130 soluere

195 2155 335 2219 auribus
367 2156 521 2219 insonuit
554 2157 753 2220 christiano·

193 2265 271 2306 rum
308 2244 449 2308 vocibus
494 2244 576 2309 orbe
619 2244 753 2308 diffusis

878 2154 911 2218 B
932 2169 1077 2235 (romana
1096 2171 1295 2238 amaneum).

826 2255 952 2310 susm
979 2256 1159 2312 ranarum
1186 2257 1349 2313 menar-

1025 2327 1147 2385 TORIS.

855 2415 925 2504 [Ini
954 2422 1044 2487 festo
1068 2423 1179 2487 saneti
1196 2422 1337 2508 Georgii
1345 2418 1363 2505 li

808 2511 936 2575 levavit
968 2512 1154 2595 imperator
1183 2512 1366 2581 redonnus

108 2391 132 2428 p·
140 2381 185 2422 373·
193 2337 378 2410 terrarum,
426 2333 550 2415 quibus
595 2334 632 2396 in
669 2333 754 2397 locis

108 2435 184 2488 1189.
195 2423 417 2499 christianus,
464 2415 675 2504 quibusqueb
717 2423 755 2484 in

91 2505 278 2574 teet-locis
317 2511 428 2574 fidelis
468 2511 632 2592 degisset,
676 2532 754 2593 quo-

194 2599 308 2661 niam⁰
329 2599 518 2662 Tureorum
536 2619 620 2682 gens
636 2599 756 2681 iniqua

196 2682 336 2751 fideles(1
362 2686 524 2750 Surianas
548 2687 613 2751 sibi
636 2708 754 2752 omnes

195 2779 420 2860 usurpaverat
465 2779 591 2859 partes.
660 2776 749 2840 Per⁰

108 2877 185 2931 1188.
195 2865 286 2928 idem
335 2868 472 2949 tempus
521 2865 755 2929 Romanorum

195 2955 368 3037 preclarus
401 2955 540 3018 nomine
570 2954 754 3018 Federious

99 3063 186 3112 *aava
194 3044 381 3127 imperator
394 3064 433 3107 ae
444 3063 576 3127 semper
587 3047 754 3127 augustus

194 3125 751 3216 inpartibusHierosolimetransf

194 3241 288 3285 mare
319 3221 472 3284 deerevit
502 3220 649 3303 dirigere
677 3221 753 3284 iter.

194 3310 471 3391 Assumensqueg
490 3329 626 3373 crucem
640 3302 751 3372 nutuh

194 3398 334 3462 favente
375 3398 490 3461 divino
528 3398 754 3462 Theutonico·

194 3507 269 3548 rum
290 3487 364 3550 acie
383 3506 460 3549 oum
478 3505 604 3568 magna
620 3487 754 3548 milium

195 3574 256 3639 XO
284 3577 495 3638 armatorum
524 3575 755 3658 pugnantium

195 3749 216 3794 a)
230 3747 451 3798 yerosolimitamque
465 3747 491 3788 A.
572 3747 594 3795 b)
609 3747 745 3796 quisquan.

195 3801 298 3849 sumptum
311 3801 380 3848 fuisse
394 3801 485 3842 aanor.

195 3855 304 3901 corrumpi
313 3853 400 3902 potnit).
455 3853 558 3904 merrae
573 3855 601 3896 Δ.

196 3905 241 3948 div.
255 3907 304 3945 aoie
318 3907 344 3948 A.

553 3799 576 3848 d)
590 3812 645 3850 gens
659 3801 683 3840 in
698 3812 742 3850 qua
756 3799 829 3841 fidelis
845 3802 953 3842 Surianus
967 3804 994 3843 A.

653 3857 675 3904 g)
690 3855 846 3903 Asserensqne
860 3856 891 3906 113
912 3866 968 3897 corr.
984 3855 1066 3897 Murat.
1120 3856 1144 3902 h)
1158 3855 1240 3897 Theut.
1254 3859 1311 3895 nutu
1325 3857 1367 3896 ίαν.

399 3906 416 3953 ἰ)
430 3907 490 3945 nnete
503 3907 587 3946 inclusa
599 3908 643 3950 dea.
652 3909 672 3947 B
685 3909 734 3954 (uit
748 3908 818 3949 Gesta
829 3906 934 3948 roderici
948 3908 1097 3957 imperatoris.
1111 3909 1199 3948 levavit
1211 3910 1275 3957 niqra
1290 3912 1367 3950 atram.

969 2601 1366 2754 meamea

829 2709 889 2752 esu
955 2709 1032 2752 nsi
1359 2735 1366 2750 .

809 2777 852 2841 ab
910 2778 1062 2841 eiusdem
1120 2778 1367 2844 incarnationis

809 2887 909 2930 anno.
967 2866 1083 2929 Exivit
1122 2871 1241 2931 autem
1276 2888 1368 2932 eesar

809 2956 851 3019 de
867 2955 1051 3018 Alamania
1075 2958 1110 3019 et
1132 2956 1229 3019 venit
1249 2957 1286 3019 in
1301 2956 1368 3020 Un-

808 3044 914 3126 garia.
953 3042 1009 3106 Ibi
1032 3037 1171 3107 fertur·k
1197 3064 1277 3107 eum
1296 3040 1368 3108 ‘ha-

808 3132 922 3196 buisse
968 3131 1030 3196 XO
1076 3132 1173 3195 milia
1218 3134 1368 3196 militum

808 3224 1040 3304 pugnatorum
1053 3224 1273 3285 armatorum.
1296 3223 1369 3286 Rex

808 3329 888 3373 vero
923 3308 1075 3392 Ungarie
1111 3310 1299 3375 honorifice
1335 3314 1369 3375 et

809 3398 949 3481 pacifice
978 3399 1109 3482 recepit
1139 3417 1231 3476 eum,
1268 3403 1304 3463 et
1332 3400 1368 3462 in

808 3506 893 3570 paee
908 3487 1069 3550 transivit
1093 3508 1152 3571 per
1174 3491 1286 3551 totam
1301 3487 1368 3551 Un-

808 3595 949 3658 ganam.

826 3750 847 3795 o)
861 3747 910 3795 Quo
924 3749 951 3797 A,
970 3749 994 3786 tn
1009 3748 1123 3798 archetypo
1142 3747 1188 3797 quo
1206 3751 1241 3797 (=
1256 3749 1368 3797 quoniam)

1061 3804 1083 3851 e)
1097 3802 1128 3841 Et
1141 3803 1162 3840 A
1180 3803 1208 3850 (P
1222 3804 1289 3851 tacite
1303 3804 1325 3840 tn
1339 3801 1368 3840 Et

195 3963 253 4008 sen),
270 3970 296 3998 ax
310 3960 332 3998 P
342 3960 445 4008 neppam.
499 3960 523 4010 k)
536 3961 567 4000 sta
580 3962 612 4010 1²5
629 3963 733 4002 feserunt
746 3962 776 4012 33
797 3960 881 4001 dieitur
895 3962 980 4006 Sinara.

196 4100 222 4166 1)
239 4101 296 4153 Hoc
314 4103 358 4153 die
375 4104 523 4170 imperator
540 4120 593 4156 non
611 4120 712 4156 erucem
730 4106 884 4172 assumpsit,
909 4105 954 4157 sed
976 4111 1006 4156 nt
1023 4105 1155 4157 ementitas
1172 4106 1368 4170 armenianmtm

195 4172 232 4222 ad
249 4173 440 4239 expeditionem
458 4176 612 4242 conveniret,
632 4177 744 4237 statuit,·
762 4191 837 4242 qnam
853 4176 1021 4228 annalistam
1032 4177 1218 4228 Placentinum
1235 4192 1269 4228 en
1286 4177 1368 4228 codiee

195 4258 243 4294 sno
262 4244 420 4309 Codaqnetti
436 4247 579 4312 sumpsisse
596 4246 667 4297 nint
680 4262 841 4313 permensum
859 4247 947 4313 habeo,
969 4263 1029 4298 cnm
1047 4248 1077 4298 in
1095 4248 1120 4298 B
1138 4247 1269 4313 maedam
1287 4248 1367 4298 massa

195 4321 335 4380 appareat,
356 4317 454 4368 ornissa
472 4317 606 4384 fortassis,
626 4318 696 4384 qnod
713 4320 744 4369 in
761 4319 910 4386 exemplari
927 4335 945 4370 a
957 4318 982 4370 B
994 4319 1125 4385 demnipto
1143 4318 1206 4370 haee
1224 4319 1308 4370 minio
1324 4333 1367 4368 ea·

194 4392 276 4437 arata
293 4393 385 4440 essent.
