2932 4936
205 449 330 510 (iussn
347 449 527 505 FMDMRIGI
544 449 568 506 1.
586 449 854 526 IMPERATORIS
872 449 915 505 ni
932 449 1171 509 soliassum
1244 455 1280 511 37

104 634 356 716 Madregniano
381 637 416 697 et
441 633 710 716 Squarzapartea
738 634 780 698 de
805 633 976 698 Buxinate
1000 628 1060 698 etb
1089 633 1272 698 Oldratuse
1289 649 1368 705 1159.

106 723 149 786 de
179 722 447 786 Basilica-Petri
476 715 536 785 etb
565 720 739 804 Gasparus
761 717 995 786 Menolociusd
1028 726 1085 786 etl¹
1109 722 1278 804 Rogerius

104 810 329 875 Marcellinus
353 803 409 874 etf
436 810 506 873 alii.
554 810 623 874 Sed
650 810 836 893 imperator
865 832 934 875 non
965 810 1116 876 audebat
1140 813 1276 875 adhueg

105 900 242 964 assidue
276 899 325 962 ibi
360 919 447 974 esse,
484 899 544 963 sed
577 899 777 962 morabatur
808 900 937 964 Laude.
995 899 1127 963 Eodem
1161 903 1279 965 autem

104 1008 231 1065 mense,
256 988 360 1051 tertio
377 979 564 1051 deoimoh·1
587 988 642 1051 die
666 987 791 1051 mensis
815 988 930 1070 posuit
952 988 1095 1052 insidias
1113 989 1158 1051 ad
1175 987 1371 1055 Cava-rums.

103 1069 296 1158 gniarami,
330 1080 365 1139 et
396 1076 465 1138 dux
495 1075 679 1139 Bertoldus
710 1078 752 1140 de
783 1069 958 1159 Zarengok
988 1070 1080 1141 erat¹
1111 1098 1190 1139 oum
1219 1097 1276 1155 eo;

103 1168 172 1228 etm
195 1165 328 1247 pedites
347 1164 567 1247 Papiensium
590 1164 706 1247 posuit
728 1165 766 1227 in
789 1164 1017 1241 Settetianon,
1043 1167 1085 1229 de
1108 1164 1277 1230 militibus

103 1254 198 1316 misit
228 1254 394 1335 quosdam
421 1273 528 1334 usque
553 1254 628 1315 adm
652 1251 916 1329 Gratasoliam03
948 1253 1008 1316 alii
1038 1257 1211 1317 steterunt
1240 1255 1277 1319 in

105 1339 294 1416 Gauianop,
327 1341 387 1404 alii
417 1343 461 1404 ad
491 1341 812 1406 Vicum-maiorem.
866 1341 1006 1406 Interea
1035 1342 1175 1423 quidam
1205 1362 1278 1426 per

102 1435 243 1493 versusq
275 1432 317 1494 de
342 1428 558 1493 (iratasoliar
592 1429 737 1493 subdole
767 1431 889 1494 missus
920 1434 972 1494 est
1002 1451 1022 1493 a
1049 1431 1276 1513 Papiensibus

102 1518 350 1594 Mediolanum,
382 1523 418 1583 et
448 1519 519 1582 eius
545 1518 692 1582 elamore
717 1522 752 1582 et
774 1519 1020 1583 vociferatione
1044 1520 1170 1602 egressi
1194 1523 1276 1584 sunt

102 1606 232 1671 milites
256 1609 298 1670 de
321 1607 519 1670 Mediolano
544 1610 579 1670 et
602 1607 773 1690 persecuti
801 1611 882 1671 sunt
910 1627 967 1671 eos
990 1627 1098 1690 usqne
1122 1609 1167 1671 ad
1189 1609 1276 1672 Pon·

101 1696 351 1778 tem-longum,
384 1699 419 1760 et
450 1698 615 1779 oeperunt
645 1695 773 1759 milites
803 1699 839 1760 et
868 1696 1001 1779 pedites
1030 1696 1270 1779 Papiensium⁸

100 1783 176 1848 iere
200 1804 327 1847 omnes.
375 1784 444 1848 Sed
460 1780 748 1861 eumredibanti,
773 1784 959 1868 imperator
983 1805 1136 1867 egressus
1159 1789 1211 1850 est
1232 1787 1275 1850 de

102 1871 246 1948 insidiis,
270 1873 331 1936 ubi
354 1872 496 1947 latebat,
522 1876 557 1936 et
574 1874 666 1955 apud
683 1872 936 1937 Settetianurnu
962 1874 1032 1937 fuit
1056 1874 1103 1938 eis
1127 1873 1273 1950 obviam,

103 1961 287 2044 Papienses
310 1961 525 2044 recuperavit
549 1964 585 2025 et
609 1962 650 2025 de
666 1961 982 2026 Mediolanensibus
1007 1963 1098 2045 oepit
1121 1961 1272 2027 militesV

101 2052 275 2113 trecentos
299 2054 334 2113 et
358 2051 457 2113 duxit
480 2070 537 2114 eos
560 2049 690 2114 Laude.
729 2050 854 2114 Postea
876 2051 971 2114 misit
994 2071 1051 2114 eos
1075 2051 1228 2134 Papiam.

209 2138 264 2201 Ab
288 2138 350 2201 illa
373 2139 428 2202 die
453 2139 544 2221 oepit
568 2139 779 2202 confidenter
797 2139 922 2202 morari
938 2140 1031 2222 apud
1047 2138 1212 2215 Oromam,
1238 2143 1274 2205 et

101 2226 188 2290 feeit
210 2227 285 2290 fieri
307 2227 518 2290 testudinem
541 2226 742 2302 mirabilem,
768 2247 836 2308 qua
858 2227 1068 2310 implebatur
1088 2227 1271 2306 fossatum;
1321 2269 1324 2273 -

101 2315 242 2398 insuper
261 2315 346 2378 feeit
361 2319 492 2379 turrem
507 2315 660 2398 ligneam
676 2315 834 2379 altiorem
858 2320 893 2380 et
915 2316 1095 2379 fortiorem
1118 2320 1153 2380 et
1176 2315 1273 2382 latio·

101 2409 208 2480 remw,
240 2424 343 2485 quam
372 2424 525 2486 unquam
549 2403 671 2485 aliquis
695 2405 878 2479 vidisset&
911 2408 946 2467 et
968 2405 1054 2468 fecit
1077 2405 1193 2468 venire
1217 2404 1273 2468 ob-

102 2492 204 2568 sides,
236 2513 319 2574 quos
350 2492 502 2555 habebat
532 2491 712 2567 Oremone,
743 2497 778 2556 et
809 2494 975 2576 captivos,
1007 2514 1091 2575 quos
1122 2493 1273 2557 habebat

100 2580 216 2664 Papie,
249 2584 312 2644 ety
346 2582 388 2644 de
418 2580 615 2644 melioribus
647 2584 682 2644 et
711 2581 937 2666 nobilioribus
969 2582 1059 2645 eirea
1081 2581 1206 2664 viginti
1234 2583 1273 2646 in

101 2669 158 2732 die
181 2669 413 2752 suspendebat
437 2672 533 2733 extra
548 2669 691 2731 turrimz
719 2669 862 2733 funibus
885 2670 1002 2754 ligatis
1026 2671 1211 2748 humerisi',
1237 2675 1272 2735 et

99 2757 138 2825 in
161 2758 309 2838 quodam
332 2756 427 2840 ligno
451 2758 627 2832 sedebant,
657 2762 698 2821 ut
729 2758 912 2842 lapidibus,
944 2759 1003 2841 qui
1032 2752 1267 2823 iaciebanturb

100 2845 144 2909 ab
168 2847 339 2928 onagrisi,
365 2847 423 2928 qui
448 2841 567 2910 oranti
593 2846 630 2909 in
654 2846 784 2923 Orema,
809 2847 1044 2924 obruerentur,
1069 2851 1130 2911 aut
1154 2868 1273 2914 eorum

98 2934 223 2997 timore
246 2934 301 2997 vel
325 2954 439 2998 amore
467 2935 649 2997 castellum
676 2936 887 2999 redderetur.
933 2935 980 2999 Et
1002 2940 1100 2999 oum⁰
1128 2956 1189 3019 per
1213 2936 1272 3000 ali·

99 3026 184 3103 quot
201 3024 272 3086 dies
288 3024 378 3086 iotus
394 3023 548 3106 lapidum
566 3025 818 3100 sustinuissent,
842 3017 951 3085 turrif
972 3024 1270 3106 appropinquante

99 3111 242 3175 castello
266 3115 328 3175 etg
354 3111 501 3175 dimissis
532 3113 574 3175 de
604 3113 749 3195 captivis
773 3116 808 3175 et
832 3113 874 3174 de
897 3111 1073 3175 obsidibus
1102 3113 1140 3174 in
1168 3116 1270 3177 noete

379 3284 591 3350 Godopneiii
612 3284 776 3337 Libellus
799 3286 989 3339 tristitiae.

204 3370 251 3423 Ab
276 3371 323 3423 illa
341 3370 384 3423 die
404 3371 477 3438 oepit
495 3370 664 3424 confidenter
681 3372 783 3424 morari
807 3370 869 3424 inh
892 3371 1031 3440 Orema,
1057 3372 1093 3425 id
1118 3377 1172 3426 est
1197 3372 1270 3441 apud
1279 3383 1323 3434 (rr)

98 3439 234 3510 Oremem,
261 3440 352 3495 oumi
378 3441 444 3495 feeit
468 3440 528 3496 fieri
552 3443 718 3496 testudinem
735 3443 888 3504 mirabilem
907 3473 941 3482 —
960 3474 994 3482 —
1012 3460 1082 3512 pons
1099 3443 1201 3497 fractus
1221 3447 1269 3500 est.

97 3621 120 3665 a)
135 3617 205 3661 madr.
218 3629 340 3667 squsrzsps
354 3620 380 3662 Β.
434 3620 457 3667 b)
471 3619 527 3658 deest
540 3621 566 3662 B.
621 3622 641 3668 o)
655 3621 686 3659 sic
699 3622 724 3662 B.
735 3621 838 3670 Oalc'hus,·
852 3618 964 3661 Oldradus
978 3622 1005 3664 A.
1059 3619 1082 3668 d)
1097 3622 1270 3666 MenolotiusA,

99 3671 120 3722 e)
136 3677 158 3710 et
171 3673 197 3713 R.
212 3674 241 3715 Μ.
260 3684 301 3714 ons.
315 3676 342 3722 Α,
361 3683 415 3721 quae
432 3673 478 3711 ium
497 3674 520 3711 in
538 3675 583 3715 eod.
597 3674 663 3715 Rani.
683 3675 763 3712 omissa
782 3678 852 3723 erant,
871 3686 918 3713 eum
937 3675 996 3723 apud
1015 3674 1116 3712 Oatchum
1131 3686 1156 3723 p.
1166 3675 1211 3716 191.
1229 3675 1270 3714 hoe

97 3736 175 3763 nomen
184 3726 243 3767 desit.
297 3727 393 3774 Omuiti
408 3727 493 3768 add.B.
547 3730 569 3775 g)
583 3727 688 3774 sicB.P,·
701 3728 793 3769 deestA.
847 3729 871 3775 h)
886 3728 952 3766 tertio
967 3729 1023 3766 deest
1032 3728 1059 3775 A,
1075 3725 1161 3766 decimo
1175 3729 1232 3766 deest
1241 3729 1268 3777 B,

98 3779 122 3815 bs
131 3779 247 3828 archetypo
261 3780 318 3817 alter
326 3789 428 3818 numerus
442 3779 507 3817 alteri
520 3781 679 3830 superscriptus
690 3782 722 3818 vel
731 3782 754 3819 tn
763 3781 862 3829 marpissa
875 3782 984 3829 suppletus
997 3782 1066 3828 fuisse
1075 3781 1165 3829 vidam,
1180 3785 1203 3818 ut
1213 3781 1271 3821 atter

97 3833 170 3870 scriba
184 3833 276 3870 alterum
291 3834 402 3874 omitteret.
456 3833 472 3880 i)
486 3832 649 3883 Osusginaram
660 3834 692 3883 143
708 3835 874 3882 oauagnierism
887 3835 918 3883 B;
936 3835 1127 3884 oansgiuersmP.
1181 3833 1205 3882 k)
1219 3844 1270 3874 sna·

98 3894 167 3932 rengo
181 3886 202 3923 A
215 3890 234 3924 et
249 3885 346 3927 Colchus.
413 3885 429 3934 1)
444 3888 494 3925 ersi
506 3886 532 3926 B.
599 3887 629 3933 m)
644 3887 701 3926 deest
714 3887 775 3928 B.P.
843 3890 867 3935 n)
882 3891 986 3926 setezano
1000 3888 1060 3931 B.P.
1124 3889 1145 3935 o)
1159 3887 1190 3926 sie
1204 3887 1270 3935 B.I,·

98 3937 197 3980 Gratias.
212 3940 238 3980 A.
280 3942 303 3988 p)
316 3939 380 3988 panio
393 3939 419 3980 B.
429 3938 450 3976 P
460 3939 564 3984 (Gustum
577 3939 632 3977 villa
645 3939 689 3978 sita
702 3943 750 3978 erat
763 3940 788 3977 iss
801 3940 900 3978 districtu
914 3941 1046 3990 Placentino,
1060 3941 1116 3979 unde
1131 3940 1226 3988 Godapn.
1238 3941 1271 3980 ss'o

96 3992 209 4039 scripsisse
221 3993 322 4041 adeius).
390 3995 413 4040 q)
432 4002 554 4033 conversus
569 3993 599 4043 133
622 3993 678 4032 deaei
692 3993 716 4036 P.
783 3995 803 4041 r)
821 3994 852 4032 sic
865 3994 931 4042 13.f,·
952 3993 1098 4035 Gratissollis
1111 3995 1154 4035 sub
1168 3991 1228 4034 dolls
1243 3995 1271 4036 A

97 4045 117 4091 s)
131 4046 187 4084 deest
200 4045 232 4092 B,·
253 4046 372 4095 papienses
387 4045 411 4087 P.
467 4047 484 4094 t)
498 4042 618 4084 rediebant
631 4046 657 4087 Α.
711 4049 734 4093 u)
748 4050 877 4087 setezanum
891 4047 951 4089 B.P.
1005 4047 1029 4098 v)
1041 4047 1073 4085 sic
1086 4047 1153 4095 rw,-
1173 4047 1230 4086 ἀθεεὶ
1243 4047 1270 4089 B.

97 4099 127 4144 w)
141 4098 172 4135 sic
184 4098 251 4146 B.P;
272 4103 295 4137 et
308 4099 347 4139 lat
362 4109 404 4139 om.
418 4099 444 4140 A.
518 4101 541 4144 x)
555 4097 640 4137 uiderit
654 4099 720 4146 B.P,·
740 4101 769 4146 cf.
783 4109 851 4148 supra
862 4099 928 4147 psa.
1004 4102 1027 4150 y)
1041 4100 1072 4138 sie
1088 4099 1112 4146 B.
1122 4101 1152 4147 P,·
1172 4101 1229 4138 deest
1242 4100 1270 4141 Δ.

97 4150 118 4201 s)
131 4151 162 4188 sio
175 4151 196 4192 is.
211 4151 225 4192 l.
239 4152 306 4198 A.P,·
327 4155 411 4190 turrem
425 4153 451 4194 B.
518 4153 540 4199 a)
553 4152 584 4190 sio
597 4152 664 4199 AF,-
684 4153 741 4193 teat
754 4153 779 4194 Β,
842 4153 865 4199 b)
879 4151 1022 4192 isotebsntur
1034 4153 1066 4203 B;
1088 4152 1231 4192 laetabantur
1244 4152 1271 4194 P.

97 4206 119 4251 o)
133 4204 184 4246 hon.
198 4205 223 4246 Β.
284 4202 308 4256 d)
322 4211 371 4245 erat
384 4206 409 4247 B.
470 4206 491 4253 e)
504 4205 535 4243 ste
548 4205 614 4257 B.r>‚·
634 4205 691 4244 deest
704 4206 731 4251 A.
793 4206 855 4253 nsit
868 4206 934 4254 B.P,·
955 4215 1006 4245 oum
1019 4207 1229 4259 appropinquarem
1242 4207 1271 4256 4.

96 4257 119 4305 g)
133 4268 160 4298 ao
173 4258 199 4298 B.
209 4258 234 4299 P.
288 4258 312 4305 h)
326 4258 350 4296 in
364 4257 399 4300 Cr.
413 4255 437 4298 id
452 4262 487 4296 est
500 4258 542 4300 des.
556 4259 636 4298 Peum
650 4259 676 4300 Α
729 4258 746 4307 i)
760 4259 860 4308 fecitque
873 4260 898 4301 P.

97 4416 125 4483 1)
142 4417 221 4468 Hune
238 4417 308 4468 diem
328 4417 386 4469 Otto
404 4418 518 4471 Morene
537 4417 555 4472 l.
573 4417 592 4472 l.
609 4435 637 4485 p.
650 4419 711 4474 610.
730 4419 841 4474 iadioot.
