2932 4936
231 453 265 505 92
338 446 464 502 GESTA
481 447 662 502 ranarum
679 445 703 504 1.
722 445 803 502 IMP.
822 446 864 500 IN
882 443 1142 500 EXPEDITIONE
1161 444 1295 502 SAGRA

143 612 221 667 1190.
337 629 460 693 Altera
474 648 554 692 vero
571 630 627 693 die
642 629 787 694 fuerunt
802 629 1061 694 castramentati
1077 629 1114 691 in
1131 629 1279 693 cardinis
1293 629 1402 694 Oonii.

230 719 326 782 Tunc
356 717 520 782 soldanus
550 718 644 782 misit
674 718 718 782 ad
747 719 999 802 imperatorem,
1030 718 1121 801 quod
1144 717 1218 801 ipse
1241 718 1333 783 male
1356 720 1403 782 in-

228 810 383 871 traverat
406 807 443 869 in
465 827 564 870 suam
585 810 724 870 terram.
771 806 816 869 Et
846 807 1032 890 imperator
1058 806 1191 870 remisit
1220 806 1261 882 ei,
1292 811 1333 870 ut
1357 809 1402 871 di·

89 970 94 978 ,
230 899 333 973 cerat,
364 898 480 962 utrum
504 895 632 959 velleta
660 896 741 959 dare
770 895 885 958 forum
913 915 957 958 an
980 916 1060 958 non.
1105 895 1299 979 Respondit
1322 917 1401 960 vero

134 1009 220 1057 raaa.
230 984 392 1049 soldanus
416 977 472 1048 seb
499 983 588 1048 velle
613 984 704 1061 dare,
736 984 797 1048 sed
818 984 870 1047 ita
890 977 1021 1047 *carum
1043 983 1137 1047 misit
1159 983 1285 1060 forum,
1310 987 1401 1066 quod

230 1073 429 1137 christiani⁰
458 1093 527 1136 non
550 1076 711 1155 poterant
735 1071 893 1149 sufferre3
926 1076 961 1136 et
990 1076 1261 1156 preparaverunt
1284 1093 1331 1149 se,
1362 1078 1401 1137 ut

229 1165 424 1246 pugnarent
455 1181 532 1224 cum
562 1161 621 1225 eis.
674 1161 771 1224 Tunc
800 1161 979 1246 episcopus
1006 1154 1258 1244 Virciburgi‘¹¹1
1291 1161 1397 1226 fecit⁰

104 680 221 731 (mauu).

229 1250 419 1334 penitentie
443 1250 639 1313 contionem
663 1249 718 1314 die
742 1249 885 1313 Veneris
907 1252 1123 1334 pentecostes
1146 1253 1297 1331 quatuor
1318 1253 1401 1314 tem-

228 1339 371 1422 porum²
395 1342 430 1402 et
453 1331 608 1401 ortatusf
627 1341 680 1402 est
696 1357 753 1402 eos
769 1339 814 1402 ad
829 1338 959 1403 bellum
982 1342 1018 1403 et
1039 1338 1202 1423 precepit,
1226 1342 1268 1402 ut
1284 1359 1401 1404 omnes

229 1429 423 1510 acciperent
451 1427 679 1510 penitentiam
702 1430 737 1490 et
761 1427 1006 1491 comederentg
1032 1447 1151 1491 carnes
1181 1428 1226 1490 ad
1254 1428 1330 1504 hoc,
1361 1433 1401 1491 ut

228 1517 371 1579 firmiter
401 1520 597 1599 pugnarent
628 1519 749 1579 contra
776 1516 903 1580 hostes.
950 1515 1094 1580 Dixerat
1122 1516 1213 1580 enim
1236 1517 1311 1600 ipse
1335 1517 1400 1601 epi·

227 1624 349 1687 scopus
373 1608 408 1667 et
432 1603 573 1686 quidam
589 1603 670 1666 alii8
693 1604 869 1669 sevidisse
887 1605 1028 1669 beatum
1046 1603 1233 1687 Georgium
1248 1625 1400 1688 pugnan-

226 1698 298 1756 tem
321 1712 382 1775 pro
407 1692 455 1756 eis
480 1696 600 1755 contra
624 1693 749 1757 hostes.
789 1692 890 1756 Unde
913 1712 1030 1757 omnes
1053 1696 1222 1757 voverunt
1244 1693 1400 1758 ieiunare

122 1773 436 1863 nans,vigiliam¹¹·4
458 1780 495 1843 in
518 1800 606 1864 pane
631 1785 666 1844 et
689 1801 789 1864 aqua.
835 1781 969 1845 Armati
992 1801 1072 1845 vero
1096 1782 1141 1845 ad
1162 1782 1398 1864 pugnandum,

226 1870 317 1933 filius
341 1869 475 1933 soldani
491 1870 673 1954 occupavit
689 1863 893 1934 exercitum¹
922 1875 1031 1948 retro;
1055 1871 1116 1934 sed
1139 1871 1210 1933 dux
1231 1871 1399 1954 pugnavit

226 1961 347 2022 contra
363 1952 560 2022 ciuitatemk
587 1963 622 2023 et
645 1978 772 2041 magna
793 1958 828 2021 vi
851 1958 994 2022 intravit
1010 1980 1088 2023 cum
1104 1959 1152 2023 eis
1168 1958 1206 2021 in
1222 1959 1399 2024 civitatem

226 2050 261 2110 et
283 2047 357 2111 fere
380 2067 498 2111 omnes
526 2046 712 2111 interfecit.
764 2047 957 2130 Imperator
986 2067 1066 2111 vero
1095 2051 1188 2111 retro
1219 2067 1297 2111 cum
1328 2047 1398 2110 filio

225 2135 360 2198 soldani
376 2135 553 2219 pugnavit,
570 2129 760 2199 infinitam¹
784 2139 819 2200 et
834 2136 1121 2201 innumerabilem
1137 2135 1399 2200 multitudinem

225 2244 266 2288 ex
296 2225 345 2287 eis
375 2223 562 2288 interfecit.
615 2223 661 2287 Et
695 2243 849 2289 reversus
883 2225 1069 2309 imperator
1103 2225 1298 2308 hospitatus
1329 2224 1398 2287 fuit

225 2333 304 2376 cum
327 2312 398 2376 filio
422 2312 459 2375 in
483 2312 633 2376 civitate.
680 2312 794 2376 Eratm
818 2314 909 2378 enim
938 2317 1088 2377 castrum
1110 2312 1339 2376 fortissimum
1362 2313 1397 2376 in

98 2419 165 2465 (narr
173 2421 215 2470 19).
225 2401 374 2478 civitate,
399 2401 526 2484 inquo
550 2400 713 2465 soldanus
737 2421 814 2464 cum
838 2402 1044 2484 quibusdam
1065 2401 1168 2484 fugit.
1214 2401 1319 2466 Mane
1343 2421 1397 2465 ne·

107 3468 110 3474 ⁴
220 3456 527 3506 a)rscP.Prpsn.,·ue11eB.
582 3456 604 3506 b)
618 3457 691 3495 lorum
706 3456 756 3496 aad.
770 3457 794 3497 P.
849 3455 871 3506 c)
883 3456 1025 3506 armaca-
1038 3458 1095 3495 deest
1103 3457 1129 3498 B.
1185 3455 1208 3504 d)
1222 3457 1267 3498 mei
1281 3458 1347 3506 burgi
1360 3458 1391 3506 B;

220 3509 332 3558 uiciburgi
346 3510 370 3551 P.
431 3511 452 3557 e)
466 3510 497 3548 sir
510 3510 531 3548 P
542 3511 614 3557 (conc.
628 3509 683 3549 fecit
696 3509 785 3558 penit.);
809 3506 837 3546 de
851 3512 880 3548 no
895 3514 954 3552 cont.
968 3510 994 3553 Β.
1061 3510 1079 3557 f)
1093 3521 1120 3548 ex
1134 3511 1155 3548 P
1166 3509 1262 3563 (ortam)
1276 3515 1296 3549 et
1310 3511 1392 3560 Pirria,-

220 3560 337 3602 ordlnatus
348 3563 374 3605 B.
428 3562 451 3612 g)
465 3561 608 3604 commedB.
663 3563 686 3610 h)
701 3561 884 3610 eiusvigfflipr'n.
938 3563 1111 3612 amputamus
1126 3564 1211 3606 ΜΗ.
1266 3563 1291 3612 lr)
1305 3562 1391 3604 soldani

221 3617 270 3659 add,
285 3617 309 3659 P.
363 3617 379 3664 l)
394 3619 417 3655 et
430 3615 471 3659 inf.
484 3615 548 3656 mult.
561 3616 586 3657 P.
640 3618 671 3662 m)
684 3616 715 3654 sir
729 3615 752 3655 P.
766 3615 837 3664 Rpr'n.
852 3619 871 3654 et
884 3616 942 3663 Iuc.,·
956 3616 999 3656 Est
1012 3617 1038 3658 B.

221 3776 246 3842 1)
265 3777 436 3839 Godefrr'dus.
526 3776 553 3841 2)
577 3775 652 3828 Recte
677 3777 795 3841 quatuor
819 3777 987 3842 temporum,
1013 3779 1082 3843 quod
1107 3778 1161 3832 Iac.
1184 3779 1286 3842 occisit,
1313 3778 1390 3828 Gesta

219 3847 323 3911 habeat,
350 3847 406 3897 dies
423 3848 494 3898 crim
511 3847 584 3897 Maii
602 3848 642 3901 16.
663 3849 705 3902 18.
726 3848 767 3901 19.
787 3846 897 3910 sacrarat
922 3854 1037 3913 quatuor
1062 3855 1208 3916 temporum
1227 3855 1389 3916 pentecostes.

219 3917 246 3983 3)
264 3917 355 3982 Μαρία
372 3933 430 3968 cum
449 3917 496 3969 hoc
515 3918 567 3969 loco
585 3934 664 3985 quom
682 3933 742 3970 cum
759 3918 823 3982 Iac,
850 3919 898 3983 qui
919 3920 1107 3985 imperatorem
1125 3921 1250 3971 visionem
1269 3920 1389 3971 habuisse

218 3987 319 4052 scribit,
344 3990 460 4040 moverit
486 3988 583 4043 Cicron.
607 3991 683 4055 repta
710 3988 764 4041 Col.
785 4005 814 4056 p.
831 3990 896 4042 150:
923 3985 1028 4056 Quibus
1053 3993 1144 4042 autem
1170 3988 1244 4043 Deus
1269 3989 1389 4042 revelare

217 4056 312 4123 voluit,
330 4055 389 4123 ipsa
405 4057 449 4111 die
467 4058 595 4112 viderunt
612 4059 723 4112 beatum
738 4057 895 4127 Georgium,
914 4061 962 4111 ubi
978 4061 1025 4112 too
1043 4064 1073 4112 ia
1088 4062 1191 4130 proelio
1208 4063 1252 4113 die
1264 4063 1337 4114 Maii
1348 4063 1388 4116 14.

217 4129 353 4179 commisso
371 4130 472 4191 factum
490 4147 542 4183 csse
559 4132 696 4196 scribitur,
716 4145 766 4197 quo
784 4130 827 4181 die
844 4146 866 4183 s.
881 4131 1025 4196 etapium
1043 4149 1061 4184 a
1079 4135 1169 4185 comite
1182 4134 1213 4184 de
1225 4134 1389 4197 Helfcrster‘n

217 4201 303 4250 visum
320 4215 373 4250 esse
391 4203 477 4254 tradit
494 4202 605 4269 epistola
624 4202 672 4256 SS.
691 4201 755 4265 XX,
772 4218 801 4267 p.
814 4202 876 4267 495,
895 4209 919 4253 et
937 4204 1077 4258 Aristera:
1096 4220 1117 4257 s.
1132 4202 1244 4272 Georgii
1263 4245 1269 4258 .
1291 4245 1297 4258 .
1318 4246 1324 4258 .
1343 4201 1389 4269 qui

217 4268 246 4320 in
272 4268 453 4324 anxietatibus
478 4272 577 4325 nostris
603 4270 764 4337 aliquotiens
789 4269 853 4322 vin'e
878 4271 1010 4340 religiosis
1036 4273 1170 4341 apparuit.
1267 4276 1295 4340 4)
1318 4275 1390 4327 Male

218 4342 343 4392 omissum
369 4349 406 4394 est
430 4342 504 4395 beati
529 4341 650 4410 Georgii,
678 4343 747 4408 quod
772 4342 826 4396 Iac.
852 4342 936 4395 habet.
978 4345 1108 4397 Vorerunt
1131 4346 1253 4397 eiurare
1276 4347 1324 4398 hoc
1347 4347 1389 4398 die

217 4413 300 4478 (Apr.
319 4414 368 4476 22)
383 4416 499 4480 posteris
516 4415 598 4466 annia
612 4420 673 4480 post
690 4414 814 4466 reditum.
