2932 4936
205 424 331 480 GESTA
349 423 529 480 FEDERIGI
546 424 569 478 I.
588 424 854 480 IMPERATORIS
872 424 915 479 IN
932 425 1171 482 LOMBARDLA.
1243 430 1277 483 31

101 608 292 692 temptoria
321 628 383 671 sua
412 627 517 690 prope
548 607 714 670 Sanctum
745 606 883 672 Celsum
912 609 1061 691 poenita,
1091 608 1366 692 imperator1158.

104 698 143 761 in
166 695 306 760 sollario
329 694 464 778 Templi
489 697 532 758 16
554 694 688 758 brolio1
711 695 918 772 morabatur,
951 699 986 760 et
1016 696 1077 759 alii
1106 697 1276 780 principes
1311 768 1313 771 .

104 789 142 849 et
166 784 322 848 civitates
346 784 437 847 circa
460 803 539 847 eum
561 803 677 847 versus
701 788 860 847 sanctum
884 784 1088 861 Dionisium,
1111 806 1172 849 rex
1194 785 1277 849 Boe·

102 865 289 936 mitarumb
317 891 396 935 cum
419 872 564 935 duceet
588 873 745 955 episcopo
773 873 810 934 in
832 873 1040 936 monasterio
1064 873 1175 936 sancti
1199 873 1277 936 Dio-

105 961 186 1024 nisii
210 964 245 1024 et
269 961 359 1023 circa
381 960 567 1043 temptoria
589 980 652 1023 sua
674 965 872 1043 posuerunt.

215 1047 461 1130 Cogitaverunt
485 1051 602 1112 autem
624 1047 899 1112 Mediolanenses
922 1067 964 1111 ea
986 1049 1052 1125 die,
1084 1050 1176 1131 quod
1205 1069 1277 1133 pos·

103 1140 184 1201 sent
207 1135 381 1200 Bcemitas
411 1155 580 1219 superare,
612 1137 693 1217 quia
722 1139 835 1199 castra
857 1157 919 1200 sua
943 1157 963 1199 a
986 1137 1106 1200 castris
1133 1137 1278 1201 aliorum

90 1225 279 1289 »modicum
308 1228 408 1288 erant
436 1227 604 1307 separata.
655 1224 701 1287 Et
731 1225 857 1306 egressi
886 1227 964 1307 post
992 1245 1150 1308 vesperas
1180 1226 1277 1289 mira-

106 1313 224 1377 biliter
247 1316 329 1376 sunt
351 1332 408 1376 eos
432 1313 568 1394 agressi,
600 1315 636 1376 61
658 1313 845 1375 maximum
867 1312 1014 1396 prelium
1036 1316 1121 1376 tunc
1144 1313 1278 1377 factum

102 1401 184 1478 fuit,
209 1401 246 1464 in
262 1421 329 1482 quc
344 1400 447 1464 multi
471 1400 514 1464 ab
530 1403 676 1482 utraque
700 1404 797 1484 parte
820 1401 1081 1464 interciderunt.
1128 1402 1278 1485 Impera-

104 1493 181 1554 tore
206 1492 322 1553 autem
346 1509 424 1552 cum
447 1487 515 1552 alio
539 1489 691 1552 exercitu
716 1489 943 1553 adveniente²
968 1489 1113 1571 regressi
1136 1493 1217 1553 sunt
1240 1491 1277 1554 in

106 1578 292 1641 civitatem.
351 1577 419 1641 Sed
452 1577 556 1640 turris
592 1577 744 1658 quedam
773 1576 923 1660 lapidea,
963 1578 1130 1641 mirabilis
1164 1598 1276 1661 opere,

106 1666 238 1749 posita⁰
271 1668 345 1730 erat
373 1666 411 1727 in
440 1666 497 1728 via
526 1685 591 1747 que
621 1666 718 1728 vadit
741 1664 1000 1748 Melegnanum,
1032 1670 1112 1730 ante
1143 1670 1277 1749 portam

102 1754 298 1818 Romanam
330 1754 428 1816 iuxta
458 1754 575 1817 domos
604 1752 850 1830 malsanorum,
887 1757 922 1817 61
951 1754 1139 1817 vocabatur
1168 1756 1277 1818 Arcus

104 1842 295 1919 Romanus,
332 1842 493 1923 quoniam
523 1844 687 1923 quattuor
717 1861 814 1905 arcus
844 1841 988 1905 inferius
1018 1842 1180 1906 habebat.
1232 1842 1277 1906 111

106 1930 296 2007 dicebatur,
314 1931 405 2012 quod
420 1930 576 2006 Romani,
594 1931 731 2011 quando
744 1928 981 1993 Mediolanum
996 1929 1275 2012 subiugaverunt,

106 2018 145 2080 in
166 2019 303 2100 signnm
326 2019 467 2082 victorie
491 2038 567 2082 eam
587 2018 868 2081 hedificaverunt.
907 2017 1181 2082 Mediolanenses
1197 2039 1277 2083 vero

107 2110 359 2189 proposuerunt
375 2126 451 2170 eam
466 2106 651 2170 defendere
675 2109 711 2169 et
727 2107 918 2169 custodiam
933 2106 971 2168 in
987 2126 1063 2169 eam
1078 2110 1276 2189 posuerunt.

106 2194 176 2258 Sed
205 2194 298 2259 bello
328 2194 464 2277 publice
499 2193 542 2256 ab
572 2194 788 2277 imperatore
811 2194 957 2270 indicto,
993 2195 1076 2256 dum
1105 2214 1277 2277 oppugna-

384 2348 598 2413 Codapneiii
619 2347 782 2400 Libellus
806 2348 998 2401 tristitiae.

105 2434 264 2502 quindecim
275 2435 358 2502 milia,
376 2434 500 2503 peditum
519 2438 547 2487 et
563 2433 678 2488 aliorum
696 2433 854 2487 virorum
872 2451 928 2486 non
941 2436 1000 2487 erat
1011 2451 1149 2489 numerus.
1179 2433 1277 2487 Archi·

107 2506 250 2574 episcopus
264 2505 431 2558 Oollcnensis
449 2505 568 2558 tentoria
580 2521 629 2557 sua
640 2521 726 2573 prope
739 2503 872 2558 Sanctum
885 2503 994 2557 Celsum
1011 2505 1109 2573 posuit,
1129 2505 1278 2574 imperator

101 2575 269 2630 insolario(1
286 2575 394 2645 Templi
406 2576 440 2629 16
452 2576 540 2629 brolio
552 2576 719 2642 morabatur,
738 2579 766 2628 et
785 2575 830 2627 alii
847 2575 983 2643 principes
1002 2580 1030 2629 61
1048 2576 1171 2629 civitates
1190 2576 1278 2629 cnea²

104 2646 240 2700 Sanctum
264 2646 424 2714 Dionisium,
450 2663 500 2700 rex
523 2663 608 2699 vero
633 2645 821 2698 Boemitarum
846 2662 908 2698 cum
934 2646 1023 2700 1166θ
1047 2650 1074 2699 61
1097 2647 1224 2715 episcopo
1249 2647 1279 2699 in

105 2717 271 2772 monasterio
290 2717 378 2770 sancti
395 2717 510 2770 Dionisii
527 2717 646 2770 tentoria
664 2733 713 2770 sua
730 2719 887 2784 posuerunt.

214 2787 410 2858 chitaverunt
427 2792 519 2841 autem
537 2786 755 2841 Mediolanenses
781 2804 813 2840 ea
838 2786 889 2855 die,
914 2787 987 2853 quod
1012 2791 1123 2855 possent
1140 2785 1331 2847 Βο6111116666)

102 2875 244 2927 superare,
270 2859 334 2926 quia
359 2862 447 2912 castra
472 2875 593 2912 eorum
618 2859 747 2911 acastris
772 2857 887 2910 aliorum
905 2861 984 2910 erant
1002 2861 1133 2924 separata.
1169 2857 1279 2927 Egressi

107 2929 148 2983 16
175 2930 331 2983 civitate
354 2929 515 2982 mirabiliter
536 2946 612 2982 cum
631 2929 675 2981 eis
694 2931 757 2980 sunt
774 2928 930 2996 preliati
948 2930 977 2980 et
993 2928 1144 2980 maximum
1162 2929 1278 2996 prelium

100 3017 184 3054 -cum
212 3000 263 3053 eis
291 2999 476 3066 fecerunt,
505 3002 540 3053 et
563 3000 643 3052 multi
668 2998 703 3051 ab
728 3002 843 3065 utraque
868 3001 946 3066 parte
973 3001 1057 3049 sunt
1081 2999 1216 3050 mortui
1244 3001 1279 3052 61

104 3070 302 3126 vulnerati.
338 3068 530 3138 Imperatores
551 3073 643 3122 autem
666 3086 729 3122 cum
752 3068 873 3121 exercitu
896 3083 958 3120 suo
982 3067 1144 3121 adveniente
1162 3069 1278 3136 regressi

104 3142 218 3223 suntin
236 3140 382 3222 civitatem.
419 3139 475 3194 Sed
493 3141 575 3223 turris
593 3140 711 3208 quedam
728 3138 846 3191 mirabili
863 3138 966 3192 modo
986 3142 1202 3219 constructa
1220 3143 1279 3192 erat

99 3208 1278 3350 1611111166111111111116111611

103 3352 219 3405 inferius
246 3352 373 3407 habebat.
417 3352 455 3406 Et
482 3351 631 3418 dicebatur,
662 3351 737 3418 quod
763 3350 895 3417 Romani,
928 3350 1037 3417 quando
1065 3350 1278 3420 subiugaverunt

106 3422 322 3491 *Mediolanum
341 3423 370 3475 in
388 3423 497 3493 signum
514 3423 627 3477 victorie
646 3439 706 3475 eam
724 3420 976 3476 hedificaveruntt.
1012 3418 1121 3489 Quam
1140 3425 1277 3475 turrem
1288 3431 1376 3480 *6366

104 3493 326 3547 Mediolanenses
343 3496 542 3605 proposuerant
559 3497 796 3546 manutenere
815 3494 850 3545 et
868 3490 1015 3544 defendere
1033 3495 1061 3544 et
1079 3492 1231 3544 custodiam
1249 3493 1278 3545 in

100 3581 170 3617 eam
187 3567 339 3633 posuerunt
369 3604 375 3620 .
412 3563 468 3618 Sed
491 3564 564 3617 bello
586 3563 695 3632 publice
714 3563 748 3615 ab
766 3562 930 3630 imperatore
955 3562 1112 3630 incepto,
1139 3562 1205 3615 dum
1230 3563 1277 3617 ob-

106 3726 130 3771 a)
143 3724 174 3762 sic
186 3724 213 3766 Β.
222 3725 252 3771 P,·
266 3721 349 3773 posuei
363 3724 389 3765 A.
435 3723 459 3770 b)
473 3723 625 3762 Boemitcrum
639 3723 660 3764 h.
670 3723 684 3764 t.
698 3723 725 3763 A.
766 3725 786 3770 6)
801 3722 872 3771 polita
886 3722 912 3763 A.
957 3719 981 3767 d)
994 3721 1025 3758 sic
1038 3721 1119 3769 P(A),·
1133 3721 1237 3760 solarolio
1251 3722 1277 3762 Β.

106 3779 129 3824 6)
143 3777 174 3815 aie
187 3778 253 3824 RA;
274 3774 331 3816 duce
346 3780 369 3816 et
383 3787 424 3817 om.
438 3777 463 3817 B.
530 3776 592 3823 11616
606 3776 684 3821 P(uii
697 3786 737 3814 suo
752 3778 836 3823 exerc.)
850 3786 897 3813 cum
911 3774 944 3820 A,·
965 3775 1091 3822 Imperator
1104 3785 1125 3815 a.
1139 3785 1189 3812 cum
1203 3785 1276 3816 exarc.

98 3827 322 3932 ⁸pippuztllmclitvilpstem
336 3839 439 3879 agressus
453 3832 494 3871 cst.
508 3827 549 3868 sed
562 3829 588 3870 B.
661 3830 684 3877 g)
700 3829 730 3866 sio
744 3828 768 3870 P.
777 3828 810 3875 Δί
830 3826 1009 3867 hedificauerant
1022 3827 1048 3869 B.
1129 3826 1153 3877 h)
1166 3828 1197 3865 sic
1210 3828 1234 3869 P.
1244 3828 1277 3875 A,·

100 4023 136 4090 ,1)
152 4023 235 4090 Apud
252 4024 385 4075 emleeiam
404 4023 527 4075 Omnium
545 4029 706 4086 6666166616,
733 4037 799 4088 qaae
817 4021 872 4084 fait
894 4021 1115 4087 Temptarioram,
1141 4019 1278 4087 incapite

101 4092 190 4146 1116111
209 4094 267 4146 Otto
285 4094 354 4148 Mor.
375 4094 393 4148 t.
413 4095 430 4145 i.
447 4111 475 4160 p.
489 4093 550 4147 605.
629 4092 1014 4159 armamentarium
1032 4091 1131 4143 adiisse
1148 4093 1185 4142 ad
1200 4107 1279 4158 proe-

70 4187 72 4189 ·
107 4164 177 4215 tima
201 4171 315 4232 apparet
338 4180 371 4216 66
396 4164 534 4218 11616616.
560 4162 615 4229 ΙΙΙ,
635 4165 678 4218 38.
704 4169 727 4214 et
754 4162 804 4216 Ott.
823 4163 893 4215 Mor.
915 4178 944 4227 p.
965 4162 1025 4214 606.
1049 4167 1074 4212 et
1096 4163 1168 4215 Vim.
1194 4163 1277 4227 Praa.

106 4252 136 4302 p.
149 4236 201 4288 cta
213 4251 251 4301 sq.
282 4235 367 4287 Immo
384 4236 451 4286 aciei
470 4235 589 4286 Omradi
603 4234 725 4302 palatini
741 4233 830 4285 Rheni
847 4237 1013 4298 oppugnatae
1031 4231 1143 4282 Bohemi
1158 4233 1278 4284 6616666-

97 4311 183 4359 -mmt,
258 4305 286 4372 3)
308 4306 392 4357 Verba
411 4321 474 4357 eum
492 4320 593 4371 versus,
618 4320 684 4371 quae
702 4305 728 4355 A
753 4304 800 4355 1166
826 4302 981 4368 meetabet,
1007 4302 1080 4366 falso
1104 4304 1202 4354 mnissa
1225 4319 1278 4355 esse

97 4383 222 4443 apparet
239 4392 272 4428 66
291 4376 380 4428 Ottom
398 4377 509 4429 Marma
528 4376 546 4429 t.
565 4376 583 4429 t.
