2932 4936
162 463 196 515 90
269 456 393 512 GESTA
411 455 592 511 Fannium
609 454 634 512 1.
652 454 733 510 IMP.
752 453 794 509 IN
812 453 1075 511 EXPEDITIONE
1094 455 1230 515 SAORA.

74 658 152 710 1190.
162 640 368 717 sarcinae-1,
406 641 566 704 ductores
601 639 735 702 soldani
769 638 936 721 ingerunt
966 639 1008 703 ab
1039 659 1090 704 eo.
1143 640 1338 724 Imperator

161 751 241 795 vero
265 729 364 792 duxit
388 749 445 793 eos
468 748 529 812 per
552 728 725 811 quandam
748 727 932 811 planiciem
956 746 1017 812 per
1040 729 1238 812 quindecim
1254 730 1337 805 dies,

162 820 223 883 sed
253 839 323 882 non
352 816 577 881 inveniebant
610 817 655 879 ad
687 816 949 893 comedendum,
986 817 1046 880 sed
1080 812 1334 882 comedebantb

163 927 277 990 equos.
322 905 411 970 Oum
433 906 470 968 in
492 905 562 968 illis
586 905 742 989 partibus
766 908 916 986 agrestes
940 905 1068 969 Turchi
1091 910 1257 990 putarent
1281 926 1338 971 eos

163 995 328 1060 defecisse
351 994 475 1070 tumel,
500 995 770 1078 preparaverunt
793 1013 828 1057 se
851 993 896 1056 ad
919 993 1051 1057 bellum
1067 1013 1146 1057 cum
1161 994 1339 1078 peditibus

50 1089 198 1156 (narrnet
222 1083 400 1157 militibus,
425 1087 465 1146 ut
488 1085 684 1166 pugnarent
701 1101 777 1145 cum
795 1081 853 1145 eis.
889 1080 1083 1165 Imperator
1099 1086 1217 1146 autem
1232 1104 1339 1147 manu

163 1173 259 1255 gravi
283 1172 410 1235 devicit
434 1190 506 1248 eos;
539 1171 598 1235 sed
621 1170 769 1233 maxima
792 1169 981 1234 multitudo
1004 1171 1221 1235 Turchorum
1243 1172 1338 1255 fuge·

162 1265 244 1324 runt
279 1261 315 1323 in
349 1261 498 1342 quadam
534 1259 726 1323 clansura⁰.
787 1259 832 1321 Et
866 1258 1095 1322 Theothonici
1130 1264 1340 1344 acceperunt

163 1350 258 1432 ligna
281 1353 317 1413 et
340 1349 420 1431 igne
445 1348 678 1412 conbuserunt
708 1367 781 1424 eos;
813 1351 849 1411 et
879 1347 1004 1411 deinde
1027 1348 1155 1412 anchi
1185 1353 1339 1432 agrestes

161 1439 330 1520 fugerunt
353 1441 389 1500 et
412 1436 559 1520 amplius
582 1457 652 1499 non
675 1436 819 1500 fuerunt
843 1436 963 1499 secuti.

269 1526 391 1589 Altera
420 1545 500 1589 vero
531 1526 586 1589 die
616 1519 846 1589 Melecrinus‘1
879 1524 970 1588 filins
1001 1523 1137 1588 soldani
1167 1545 1246 1588 cum
1276 1547 1338 1590 suo

163 1615 316 1679 exercitu
339 1613 511 1677 obviavit⁸
539 1613 738 1697 imperatori
761 1618 796 1677 et
820 1613 913 1676 misit
937 1614 981 1676 ad
1005 1633 1084 1677 eum
1108 1613 1241 1679 dicens:
1268 1615 1339 1679 ‘Re-

163 1702 311 1766 verterel
349 1701 440 1780 Quid
469 1702 583 1766 facere
613 1706 725 1785 putas,
757 1721 835 1765 cum
866 1701 1013 1785 amplius
1041 1702 1187 1766 habeam
1212 1703 1340 1767 vexilla

164 1811 268 1873 quam
289 1794 331 1853 tu
354 1790 520 1854 milites?¹
569 1791 615 1852 Et
638 1811 716 1853 cum
739 1790 950 1874 pervenisset
980 1791 1025 1854 ad
1055 1792 1229 1873 quendam
1259 1813 1338 1875 pon·

37 1884 244 1955 (carnatem,
270 1879 397 1941 Turchi
426 1879 570 1942 fuerunt
594 1883 675 1944 ante
699 1884 734 1943 et
756 1883 860 1943 retro.
908 1878 988 1942 Dux
1010 1899 1090 1943 vero
1113 1881 1279 1963 precessit
1303 1885 1339 1945 et

164 1968 333 2052 pugnavit
363 1987 441 2030 cum
470 1968 518 2032 eis
542 1971 578 2032 et
602 1968 728 2031 devicit
756 1987 823 2044 eos,
854 1969 1041 2052 imperator
1061 1988 1111 2032 ex
1141 1968 1211 2032 alia
1240 1972 1338 2052 parte

164 2057 249 2121 alios
284 2057 420 2140 fugavit
456 2060 492 2121 et
526 2057 708 2120 maximam
747 2060 882 2141 partem
915 2056 1092 2121 interfecit
1127 2060 1163 2121 et
1197 2061 1339 2141 pontem

37 2146 336 2218 (aarantransivit.
371 2144 506 2209 Deinde
529 2146 679 2209 maxima
702 2149 737 2209 et
760 2146 898 2209 infinita
919 2145 1108 2209 multitudo
1124 2145 1340 2210 Turchorum

165 2254 206 2298 ex
229 2235 322 2297 omni
345 2237 443 2318 parte
463 2227 645 2298 circuivitf
665 2234 853 2298 exercitum
874 2233 1148 2311 christianornm,
1173 2235 1224 2298 ita
1247 2236 1339 2318 quod

165 2323 278 2387 eundo
309 2326 551 2406 expugnarunt
581 2343 660 2387 eum
683 2322 835 2405 undique
860 2323 938 2386 diess
963 2328 1137 2406 noctuque
1161 2344 1222 2407 per
1244 2317 1336 2388 tresh

165 2411 410 2488 ebdomadas³;
452 2414 486 2476 et
519 2411 630 2474 nichil
664 2411 840 2476 habebant
875 2411 920 2474 ad
953 2405 1236 2489 comedendum¹‚
1273 2413 1339 2476 nisi

165 2500 257 2582 quod
278 2493 522 2564 comedebanti
553 2521 667 2582 equos.
702 2500 828 2564 Postea
844 2499 1049 2565 dimiserunt
1072 2520 1151 2564 eum
1173 2500 1235 2565 ire.
1275 2501 1339 2565 Per

39 2608 273 2660 (massmannum
297 2588 389 2652 diem
412 2593 447 2652 et
470 2593 608 2653 noctem
630 2582 722 2652 nonk
740 2588 964 2652 inveniebant
982 2589 1145 2671 aquam43
1170 2589 1230 2653 sed
1247 2609 1339 2674 cepe·

165 2680 248 2738 runt
264 2676 437 2759 quendam
452 2671 644 2740 Turchum¹
675 2681 711 2741 et
734 2677 858 2741 minati
881 2681 963 2741 sunt
979 2678 1010 2741 ei
1027 2680 1207 2760 amputare
1224 2682 1338 2763 caput,

165 2765 232 2828 nisi
255 2765 454 2829 ostenderet
478 2785 618 2848 aquam;
644 2767 702 2848 qui
725 2767 878 2830 ostendit
902 2767 950 2830 eis
975 2786 1100 2848 aquam
1123 2766 1258 2830 salsam.

165 3312 187 3356 a)
201 3310 231 3346 sic
240 3310 262 3348 P
273 3311 312 3357 (ct.
325 3319 395 3357 supra
404 3320 429 3357 p.
438 3310 472 3359 88,
487 3310 501 3351 l.
511 3309 561 3358 20);
575 3313 599 3349 et
612 3320 668 3352 saro.
682 3310 725 3353 des.
735 3311 766 3360 B;
782 3310 882 3349 sarcinas
896 3309 1053 3350 alimentorum
1067 3311 1139 3358 Plpin.
1194 3310 1218 3362 b)
1231 3308 1338 3352 commed.

165 3362 185 3402 h.
196 3362 210 3402 l.
220 3362 245 3403 B.
300 3363 320 3409 c)
335 3360 454 3411 quamdam
466 3363 592 3402 clausuram
606 3364 631 3405 P.
686 3361 709 3411 d)
723 3364 816 3412 alesta·
830 3363 966 3403 melectinus
980 3364 1011 3414 B;
1026 3363 1158 3403 melatrinus
1172 3363 1196 3406 P.
1252 3367 1273 3412 e)
1286 3365 1338 3414 imp.

165 3414 216 3455 obv.
230 3415 254 3457 P.
308 3414 327 3465 i)
340 3415 371 3453 alc
384 3416 409 3456 P.
424 3416 477 3463 Sia,¹
495 3416 568 3455 creuit
582 3416 613 3465 B;
628 3417 724 3455 vallavit
736 3417 809 3466 Pr'pln.
863 3419 886 3466 g)
899 3427 940 3456 nos
955 3417 1013 3465 odd„
1028 3418 1065 3455 sed
1079 3422 1176 3465 capum
1190 3417 1217 3459 B.
1272 3418 1296 3465 h)
1309 3418 1338 3456 sic

165 3468 221 3508 B.P
232 3472 251 3506 et
265 3468 337 3515 Papia
356 3468 448 3516 (trium),
468 3479 523 3518 quae
539 3470 608 3517 initur
625 3469 669 3516 tuit
687 3470 747 3508 lectio
765 3470 845 3508 cocleis
861 3470 1033 3520 Codacncllr'aai,
1052 3471 1090 3508 aed
1107 3480 1160 3509 cera
1177 3471 1262 3509 ridetur
1280 3471 1338 3510 lectio

166 3521 253 3558 Sicardi
267 3525 399 3570 quatuor,
418 3532 466 3559 cum
481 3522 526 3564 Iac.
541 3523 581 3570 Aq.
595 3521 673 3560 habeat
687 3533 847 3571 parmensem.
914 3523 930 3570 i)
946 3521 1053 3566 commed.
1067 3523 1088 3566 h.
1099 3524 1113 3565 l.
1123 3524 1149 3566 B.
1216 3523 1240 3571 k)
1254 3525 1285 3562 etc
1299 3524 1338 3567 Sia

165 3575 204 3622 (ct.
219 3574 240 3612 P
252 3577 271 3612 et
284 3574 379 3623 Piplnss
397 3575 454 3612 deest
467 3574 493 3617 B.
553 3575 570 3622 l)
584 3575 614 3612 alc
629 3576 740 3613 emendam·
753 3586 780 3614 erc
793 3576 834 3618 Sic.
847 3576 939 3626 (Tur-clo
953 3574 1050 3626 quodam
1065 3579 1139 3626 capto)
1154 3581 1173 3615 et
1187 3577 1209 3615 P
1219 3576 1299 3627 (Capto
1312 3607 1338 3621 ..

166 3626 262 3676 quodam
276 3628 375 3675 Turcho)
389 3631 409 3665 et
422 3627 494 3676 Prata.
508 3625 614 3676 (quodam
629 3639 657 3666 ex
671 3629 750 3667 'runcis
766 3659 772 3670 .
787 3659 792 3671 .
807 3630 917 3680 captivo);
939 3628 1035 3679 quadam
1050 3631 1139 3670 turbam
1153 3631 1179 3672 B.

167 3789 193 3854 1)
210 3788 252 3840 Ab
269 3789 386 3839 exercita
403 3786 509 3851 scilicet,
535 3792 565 3838 ul
585 3802 618 3838 σσσ
637 3787 689 3839 loco
707 3789 842 3855 superiore
862 3796 945 3856 potet,
970 3805 1024 3842 nora
1041 3805 1060 3840 a
1077 3791 1192 3856 nunciis,
1219 3792 1338 3858 qualisvis

165 3859 196 3910 la·
212 3861 292 3910 eriam
310 3873 353 3909 res
370 3873 435 3908 auos
452 3858 483 3908 in
500 3859 598 3910 castris
614 3859 781 3924 reliquerint.
871 3859 899 3927 2)
916 3861 990 3913 Miro
1007 3862 1083 3914 modo
1100 3861 1171 3928 haec,
1198 3877 1265 3928 quaa
1283 3861 1337 3914 Iac.

166 3946 219 3982 non
244 3929 328 3993 habet,
354 3929 509 3980 conveniant
533 3945 591 3981 cum
613 3930 750 3996 Tapenonc
767 3936 791 3983 et
809 3932 955 3984 Ansberto:
981 3931 1065 3984 Turci
1084 3931 1270 3986 existimantes
1288 3947 1337 3984 nos

166 3998 276 4051 omnino
301 3996 393 4050 inedia
418 3998 579 4056 extabuisse.
669 4002 697 4069 3)
721 4001 794 4055 Haec
816 4003 962 4067 falsissime
979 4004 1069 4067 effecta
1087 4010 1149 4056 sunl
1166 4020 1200 4056 εεσ
1217 4005 1255 4056 eis
1272 4019 1338 4071 quae

166 4070 219 4124 Ισσ.
238 4076 304 4121 recte
323 4069 408 4137 latet,
433 4072 481 4124 ubi
501 4074 530 4124 in
553 4075 705 4126 universum
724 4074 826 4126 labores
843 4075 941 4125 mensis
958 4076 1041 4126 anias
1058 4075 1253 4142 describuntur,
1279 4091 1338 4126 cum

165 4141 212 4192 hoc
231 4141 284 4193 loco
302 4142 375 4206 salso
392 4145 500 4196 dautur
518 4146 615 4196 iterum
633 4145 667 4196 ab
685 4145 733 4197 boc
750 4146 793 4196 die
811 4146 897 4210 (Maii
915 4146 962 4209 14)
985 4161 1067 4212 usqua
1089 4146 1126 4196 ad
1143 4145 1235 4196 urbem
1253 4147 1338 4198 Iconii

164 4218 269 4280 coptam
295 4214 382 4280 (Maii
399 4216 446 4279 18)
473 4222 528 4266 tres
552 4217 605 4281 (cel
627 4217 756 4281 quolam)
784 4215 962 4267 hebdomadas
988 4217 1018 4268 in
1046 4217 1117 4280 fonce
1144 4223 1251 4268 σεσεισε
1277 4232 1338 4270 ease.

164 4284 192 4350 4)
206 4285 311 4350 Tegeac
323 4286 454 4351 (Magnas
465 4285 645 4352 Reicllersp.):
664 4288 753 4338 castra
765 4285 867 4352 absque
879 4286 1003 4355 gramine
1023 4289 1051 4339 et
1069 4301 1140 4353 aqua
1151 4285 1248 4339 metati
1266 4290 1338 4340 sunt.

165 4353 296 4423 Sequenti
314 4370 403 4422 mane,
422 4354 475 4408 hoe
493 4355 581 4408 estin
600 4354 695 4409 Idibus
707 4354 783 4423 Maii,
803 4356 873 4411 sicut
890 4358 1043 4426 premortni
1061 4358 1220 4411 itinerantes
1239 4373 1339 4424 aquam

163 4426 192 4481 in
210 4425 375 4493 palustribus
392 4425 459 4479 locis
476 4425 647 4481 invenerunt.
