2932 4936
212 429 338 486 ans'rA
355 429 535 486 FIIDERIOI
552 430 577 488 Ι.
595 430 676 489 ΙΜΡ.
695 431 737 486 ΙΝ
755 431 1016 487 EXPEDITIONE
1035 433 1169 490 SAORA.
1243 439 1276 491 75

103 613 190 695 serit,
213 615 378 695 quaedam,
401 619 437 678 ut
452 634 625 678 sermonem
641 614 818 697 corriperet,
842 615 1010 680 oroutaoerit
1033 611 1109 694 (SS.
1128 616 1274 697 XVIII,

98 724 133 784 p·
151 703 341 856 466(hildilid
374 789 618 873 Oodapnelliani
647 792 829 873 apoprapho
858 791 959 857 codici
987 792 1021 857 Β
1050 792 1175 873 alcidem
1203 799 1277 857 arta

104 881 244 961 quadam
258 878 485 945 necessitudine
501 879 665 945 coniuncto
675 881 695 961 1,
719 883 775 944 sed
795 880 852 945 illo
866 880 994 946 meliore
1016 902 1093 945 usus
1115 887 1161 946 est
1182 881 1277 946 etiam

104 966 301 1034 Franciscns
316 967 463 1049 Pipinus,
488 990 557 1033 cum
573 967 739 1034 chronicae
760 990 837 1033 suae
859 969 943 1034 hunc
966 969 1104 1035 libellum
1127 991 1192 1035 non
1212 971 1276 1052 qni·

105 1059 173 1122 dem
188 1058 234 1121 ad
246 1057 374 1121 verbnm
389 1056 623 1139 transcriptum,
647 1059 703 1122 sed
723 1057 826 1121 cerlis
841 1059 1028 1140 plerumque
1049 1058 1180 1123 mutatis
1196 1058 1276 1141 poli·

104 1144 204 1227 tisana
230 1144 382 1210 insereret
390 1147 412 1208 ².
458 1146 611 1210 Attamen
639 1167 705 1210 non
733 1145 803 1210 sine
829 1146 937 1225 fructu
966 1168 1036 1211 eum
1063 1147 1278 1212 consuluimus

104 1233 146 1298 iis
168 1232 254 1316 ῑοοίο,
278 1232 391 1315 quihus
412 1234 447 1299 Β
468 1239 498 1299 et
520 1234 553 1298 P
571 1233 656 1299 inter
678 1256 711 1299 se
735 1234 918 1313 differunt&

210 1322 375 1388 Iohannes
402 1322 612 1405 Oodapnellus
640 1323 765 1404 quidem
795 1323 878 1389 hunc
905 1323 1043 1388 libellum
1065 1345 1130 1389 non
1156 1330 1192 1388 ut
1219 1325 1276 1390 Go-

103 1417 223 1476 stornm
244 1410 282 1476 in
296 1411 494 1477 Lornlardia
515 1433 666 1494 umpnam
682 1418 809 1493 partem
831 1412 1014 1477 retractavit
1029 1433 1067 1477 ac
1083 1413 1275 1494 depravavit,

103 1502 159 1565 sed
184 1506 298 1582 tamen,
326 1505 362 1565 nt
387 1500 455 1565 iam
476 1500 542 1565 alio
565 1501 631 1566 loco
654 1500 788 1565 breuiter
810 1501 968 1583 enposni4,
999 1522 1055 1565 suo
1078 1523 1163 1566 more
1186 1522 1276 1583 quae-

104 1591 179 1654 dam
207 1590 303 1654 oerla
330 1589 456 1654 addidit
480 1590 529 1654 ael
555 1589 697 1654 mutauit.
748 1590 835 1670 Quae
865 1611 935 1655 cum
963 1589 1010 1654 ita
1037 1589 1112 1670 sint,
1142 1590 1277 1669 feliciter

103 1676 213 1760 evenit,
236 1682 272 1742 ut
295 1677 450 1743 Sicardus
472 1677 634 1760 episcopus
660 1678 880 1744 Cremonensis
903 1679 1005 1744 codice
1028 1678 1163 1760 optimae
1185 1686 1277 1744 notae

103 1770 133 1830 et
147 1765 342 1848 perantiquo
363 1788 441 1832 usus
462 1788 502 1832 eu
523 1767 580 1832 hoc
603 1766 706 1832 libello
728 1773 873 1848 eacerpta
898 1767 998 1832 miella
1025 1767 1183 1833 chronicis
1210 1768 1278 1832 suis

103 1853 303 1920 inseruerit⁶.
355 1854 417 1936 Qui
443 1855 588 1937 quamuis
615 1857 725 1920 rudem
753 1877 927 1921 sermonem
956 1856 1139 1938 enpolioerit
1167 1863 1196 1922 et
1223 1858 1277 1922 ele·

102 1942 280 2025 partiorem
308 1943 491 2025 reddiderit,
523 1950 628 2009 tamen
657 1965 723 2009 non
745 1944 862 2026 paucis
892 1945 968 2010 locis
989 1941 1085 2010 'iudea
1108 1944 1212 2026 affuit,
1243 1951 1278 2010 nt
1330 1961 1332 1965 ’

104 2031 313 2114 discernatur,
347 2038 417 2097 uter
370 2032 586 2098 leodicum
619 2053 728 2098 reram
761 2033 922 2098 lectionem
949 2034 1182 2115 praehendat
1152 2033 1277 2098 eolus

104 2120 236 2220 ancilia,
259 2083 315 2186 uhi
336 2121 452 2203 reliqui
474 2122 664 2204 defecerunt,
688 2123 843 2204 quaedam
865 2125 981 2188 menda
1003 2121 1119 2188 codicis
1141 2121 1175 2186 B
1197 2128 1277 2187 recte

81 2208 222 2292 ‘carrim
237 2215 297 2292 pot
295 2215 421 2275 nerunt.

215 2298 416 2381 Quomodo
402 2299 461 2382 cpit
461 2321 502 2364 ur
449 2299 667 2364 tsubsidia
689 2305 799 2364 nostra
828 2299 878 2365 int
877 2321 912 2364 er
934 2321 967 2365 se
989 2300 1185 2381 cohaereant,
1165 2299 1277 2364 thoe

105 2385 243 2470 imapine
265 2387 362 2466 facile
378 2387 558 2470 perspicere
574 2395 682 2470 potes:

606 2492 775 2560 Archetppus

597 2572 780 2785 st}

520 2814 602 2950 s
686 2813 850 2952 Α

434 2973 563 3024 Sicardus
635 2973 709 3024 Ilaod
781 2973 924 3037 Codapnell
923 2989 956 3023 ns

656 3052 963 3263 ΜΛ

871 3293 1038 3431 Α

811 3452 926 3518 Pipc'nue
1034 3452 1057 3501 Β

109 3590 135 3658 1)
150 3591 225 3657 Qtiod
241 3598 272 3645 ut
290 3594 452 3658 ostendatur,
478 3594 577 3646 duosl
576 3609 632 3646 ocos
649 3595 741 3659 affero.
784 3593 834 3645 aot
856 3610 918 3646 aera
941 3594 1014 3645 lectio
1034 3600 1088 3644 est:
1113 3591 1277 3644 invenerunt

108 3660 312 3716 Turchomenos
336 3663 370 3715 de
388 3631 470 3716 Barla
495 3665 548 3730 (vel
572 3663 606 3717 de
625 3663 714 3729 Beria,
740 3666 845 3732 quod
833 3682 863 3715 m
887 3665 967 3716 dubio
991 3664 1193 3729 remanendum
1213 3666 1275 3748 nest).

108 3731 176 3787 Sunt
194 3733 268 3787 enim
287 3737 377 3804 agrest
378 3751 406 3787 es
365 3733 536 3801 tTurchi,
560 3737 586 3786 P
601 3736 693 3788 habet:
718 3734 842 3788 Turehos
860 3735 1024 3787 invenerunt
1041 3732 1139 3786 Menos
1164 3735 1277 3801 reliquis

108 3807 219 3872 omissis,
238 3807 281 3858 B:
298 3806 378 3859 inv.t
366 3805 573 3858 turchosmanos
587 3806 620 3858 de
633 3805 729 3861 barias.
743 3808 868 3873 negestes
881 3805 979 3872 turchi,
999 3806 1130 3873 Pipinus:
1143 3803 1275 3871 Turohos,

107 3873 216 3944 Marios,
233 3875 366 3930 Debarins
385 3880 413 3930 et
430 3875 562 3947 Nagestes
580 3877 692 3932 invenit.
729 3879 794 3928 Aha
812 3879 872 3942 loco,
899 3892 949 3943 quo
971 3892 1033 3928 aera
1057 3877 1129 3928 lulio
1151 3883 1202 3928 est:
1227 3892 1277 3942 per

107 3950 293 4015 montaneam,
319 3949 346 4000 P
367 3949 460 4000 halet:
484 3964 535 4016 per
558 3951 730 4014 montaneae,
756 3949 800 4000 scd
825 3949 850 3999 B
875 3954 898 3998 et
923 3948 1053 4015 Pipinus:
1078 3946 1113 3998 ad
1137 3948 1276 3999 montane

108 4017 133 4085 2)
149 3987 296 4086 Muratori,
322 4020 370 4075 SS.
389 4020 451 4074 Ber.
470 4020 534 4074 Ital
553 4019 605 4086 IX,
632 4021 679 4073 col.
698 3988 847 4074 bie-593.
954 4018 981 4084 3)
1001 4017 1145 4070 Pristanuo
1164 4018 1277 4070 Colchus

109 4089 126 4143 l
142 4090 210 4157 XII
227 4108 256 4159 p.
272 4092 334 4146 254.
354 4093 521 4158 paucissimo
545 4107 578 4142 en
603 4091 649 4143 hoc
675 4091 747 4142 libell
748 4106 769 4154 o,
796 4106 871 4156 oriem
895 4089 925 4140 in
948 4090 1031 4140 codice
1048 4089 1187 4140 Rauliano
1205 4090 1275 4154 lepit,

108 4129 243 4231 marphe,
268 4178 335 4230 quae
359 4162 433 4213 nulli
456 4169 518 4214 sunt
542 4164 613 4214 usui.
651 4162 725 4225 Quod
748 4129 781 4213 d.
800 4161 975 4224 Pannenborp
999 4161 1174 4225 contenderat,
1200 4161 1277 4212 ‘For-

108 4232 238 4298 schunpen
255 4249 280 4287 z.
299 4233 447 4285 Deutschen
468 4233 570 4286 Gesch!
587 4232 671 4298 XIII,
688 4251 717 4300 p.
730 4235 783 4286 322
795 4249 842 4298 sq,
865 4231 944 4282 Gesta
962 4231 997 4282 ab
1014 4237 1120 4282 auctore
1138 4230 1277 4283 Historiae

105 4305 309 4428 lammah
327 4303 1277 4441 'wll-h“llllldllll⁹1l²l⁶llhl'⁰l'll2hffllllltlldll

306 4416 312 4430 ·
428 4417 433 4430 ·
698 4415 704 4427 ·
772 4403 804 4411 “““
862 4415 868 4427 ·
1042 4413 1048 4426 ·
1267 4410 1275 4436 7

106 4461 133 4512 p·
144 4448 197 4503 285
208 4463 264 4514 sqq.
328 4391 453 4514 {hrllsus
470 4463 529 4498 sum
547 4452 620 4498 textu
638 4448 695 4498 eius
712 4446 817 4497 anx-ilio
834 4445 952 4496 omnium
970 4444 1086 4496 codicum
1109 4445 1156 4510 qni
1172 4449 1277 4496 eustant

108 4518 248 4571 nmndata
