2932 4936
213 432 249 484 44
320 428 445 483 GESTA
462 428 644 482 FEDERIOI
662 427 684 484 Ι.
704 427 970 484 IMPERATORIS
989 428 1031 482 IN
1049 427 1291 486 LOMBARDIA.

125 627 348 694 1160.quoque
371 613 409 675 in
423 612 593 675 fossatum
616 612 760 695 proiecit
784 616 820 676 et
842 612 946 676 boves
967 613 1039 676 eius
1061 612 1194 676 habuit.
1241 611 1313 676 Sed
1328 613 1387 676 alii

212 701 340 765 milites
364 700 685 775 Mediolanensium,
714 701 773 782 qui
797 721 876 764 cum
899 700 1135 764 Brixiensibus
1158 701 1387 765 ascenderant

213 793 366 853 montem
399 792 476 871 post
506 791 618 852 castra
648 790 876 872 imperatoris,
913 787 1016 852 aliam
1050 792 1184 871 partem
1216 789 1386 853 exercitus

213 878 286 941 eius
302 877 512 960 fugaverunt
536 879 571 941 et
595 897 636 941 ex
653 879 700 941 eis
716 877 844 941 multos
861 881 1026 961 ceperunt
1050 880 1085 940 et
1108 878 1282 961 persecuti
1305 881 1386 941 sunt

213 984 270 1029 eos
285 986 394 1047 usque
409 966 670 1029 Montorfanum
686 969 722 1030 et
737 966 972 1029 marchionem
985 965 1262 1029 Montis-ferrati
1278 985 1385 1048 usque

115 1076 149 1126 a.
157 1078 202 1118 avo.
213 1054 258 1116 ad
273 1054 482 1136 Angleriam,
509 1058 544 1118 et
566 1055 693 1118 reversi
717 1055 858 1118 stabant
879 1050 1012 1119 *eontra
1031 1057 1143 1119 castra
1158 1054 1385 1137 imperatoris.

489 1209 703 1275 Codegnelli
724 1209 889 1261 Libellus
912 1211 1105 1262 tristitiae.

212 1300 296 1364 illuc
318 1301 515 1365 vacillando
538 1305 730 1385 pergentes,
760 1301 823 1365 sub
847 1302 990 1386 pedibus
1014 1321 1179 1383 equorum
1201 1302 1311 1365 vitam
1335 1321 1386 1366 eo·

211 1412 289 1452 rum
313 1393 587 1466 consumantes&
618 1390 678 1453 alii
705 1390 797 1453 ferro
821 1394 856 1454 et
879 1390 952 1453 ictu
976 1393 1128 1453 astarum
1151 1391 1289 1467 mortui,
1314 1391 1385 1455 vul·

211 1480 324 1543 nerati
348 1483 383 1543 et
406 1479 561 1542 semivivi
584 1479 621 1541 in
646 1498 765 1560 campo
788 1478 957 1542 iacebant.
1006 1478 1159 1542 Tandem
1183 1498 1262 1542 cum
1285 1479 1385 1543 vidis·

212 1571 290 1631 sent
323 1568 481 1630 resistere
515 1587 586 1628 non
621 1586 732 1649 posse,
768 1569 867 1648 terga
900 1559 1093 1630 vertentesb
1133 1567 1177 1629 ad
1213 1567 1385 1631 carocium

211 1655 326 1736 fugati
355 1654 507 1719 fuerunt.
555 1654 720 1719 Videntes
756 1658 872 1718 autem
906 1655 1034 1719 milites
1069 1655 1128 1737 qui
1162 1655 1199 1717 in
1233 1657 1386 1719 secunda

212 1743 322 1806 sclera
352 1745 509 1819 aderant,
546 1744 710 1826 impetum
744 1743 955 1807 velocissime
986 1764 1088 1827 super
1117 1763 1174 1808 eos
1204 1743 1383 1820 facientes,

212 1832 302 1914 ipsos
326 1852 460 1914 quoque
484 1833 729 1896 interficientes
754 1836 788 1896 et
813 1833 994 1916 capientes,
1025 1852 1134 1914 usque
1164 1833 1208 1895 ad
1239 1832 1386 1896 scleram

212 1921 426 2003 imperatoris
443 1941 500 1984 eos
517 1921 687 2003 persecuti
709 1920 863 1984 fuerunt.
909 1920 1038 1985 Milites
1055 1921 1194 2003 quidem
1210 1921 1269 2002 qui
1285 1926 1395 1996 erant,

212 2011 248 2071 in
272 2009 381 2073 sclera
403 2010 618 2092 imperatoris
643 2013 679 2072 et
698 2029 814 2072 omnes
839 2008 899 2071 alii
923 2010 965 2072 de
989 2009 1141 2073 exercitu
1157 2009 1383 2091 imperatoris,

213 2100 389 2162 credentes
420 2098 563 2161 firmiter
593 2097 720 2162 milites
750 2118 867 2161 omnes
891 2097 1080 2161 Mediolani
1109 2098 1153 2160 ad
1176 2097 1309 2161 bellum
1332 2118 1385 2162 ve

211 2188 311 2264 nisse,
337 2187 506 2250 insultum
522 2206 639 2250 omnes
663 2207 765 2270 super
781 2205 837 2249 eos
853 2186 1029 2262 facientes,
1054 2187 1145 2270 ipsos
1160 2186 1384 2251 vulnerantes

212 2279 247 2339 et
272 2277 313 2338 de
337 2276 432 2357 equis
456 2278 720 2358 prosternentes
749 2295 858 2356 usque
886 2276 930 2337 ad
953 2275 1119 2357 populum
1142 2274 1221 2338 illos
1244 2274 1384 2358 fugave-

211 2368 303 2426 runt.
356 2364 436 2427 Non
466 2366 655 2446 potuerunt
685 2364 776 2426 enim
805 2364 920 2426 videre
951 2363 1078 2427 milites
1108 2364 1273 2439 seniores
1307 2384 1384 2447 pru-

213 2454 333 2516 dentes
364 2456 399 2516 et
428 2451 619 2527 bellicosos,
652 2452 710 2532 qui
740 2453 777 2514 in
807 2453 954 2534 quadam
977 2451 1068 2516 valle
1091 2452 1252 2535 privatim
1275 2453 1313 2513 in
1335 2453 1384 2514 in-

212 2541 307 2603 sidiis
324 2540 528 2604 existebant.
561 2540 754 2622 Imperator
770 2561 904 2622 quoque
921 2539 1067 2604 collecta
1081 2541 1240 2604 universa
1256 2539 1384 2605 militia

212 2632 325 2692 suaet
342 2633 439 2692 cum⁰
457 2630 550 2691 omni
567 2629 719 2692 exercitu
735 2650 796 2692 suo
816 2631 860 2692 ad
877 2631 1144 2711 expugnandum
1160 2649 1237 2692 cum
1253 2629 1383 2712 populo

212 2719 364 2794 accessit,
395 2715 564 2780 insultum
593 2719 742 2781 maxima
764 2719 798 2781 vi
821 2718 858 2780 in
882 2719 929 2782 eis
952 2712 1154 2793 facientesd,
1178 2717 1270 2780 viam
1298 2717 1383 2781 ensi·

212 2807 276 2869 bus
300 2811 335 2870 et
357 2805 554 2870 verberibus
579 2809 731 2869 astarum
754 2810 790 2870 et
813 2806 1072 2870 conculcatione
1093 2825 1257 2888 equorum
1273 2826 1382 2887 usque

212 2896 256 2958 ad
287 2896 458 2959 carocium
487 2897 692 2977 quandoque
722 2895 898 2978 aperiebat
928 2899 964 2958 et
986 2894 1147 2958 faciebat.
1193 2892 1383 2977 Populares

210 3005 290 3048 vero
321 2986 412 3068 ipsos
442 2984 571 3048 lanceis
602 2987 637 3048 et
667 2985 805 3048 ensibus
833 2987 869 3047 et
891 2983 1064 3067 lapidibus
1088 2983 1286 3064 gravissime
1310 3002 1383 3066 per·

211 3073 393 3137 cucicbant
408 3076 443 3137 et
458 3073 689 3137 vulnerabant
705 3077 740 3136 et
756 3072 883 3136 multos
904 3072 1008 3134 morti
1030 3071 1259 3147 tradiderunt,
1283 3071 1382 3134 nullo

210 3163 311 3224 modo
335 3182 356 3225 a
380 3163 512 3226 carocio
536 3163 760 3237 discedentes,
792 3161 853 3224 sed
883 3161 974 3223 circa
1003 3179 1082 3223 eum
1104 3159 1383 3241 frequentissime

210 3253 352 3313 stantes.
399 3250 529 3314 Milites
558 3254 673 3314 autem
697 3250 874 3314 Placentie
898 3252 933 3313 et
956 3248 1080 3324 Brixie,
1112 3246 1278 3331 populum
1308 3269 1382 3312 sua·

212 3339 345 3411 dentes,
377 3342 496 3402 contra
525 3339 681 3401 inimicos
711 3339 916 3420 quandoque
946 3357 1072 3419 magna
1098 3336 1145 3413 vi,
1176 3336 1272 3418 equis
1303 3357 1382 3400 cum

211 3426 404 3490 carceribus
427 3427 540 3501 tactis,
572 3427 740 3509 impetum
766 3427 943 3500 facientes,
974 3427 1065 3510 ipsos
1088 3426 1322 3508 percutientes
1346 3429 1382 3488 et

209 3515 440 3592 vulnerantes,
466 3516 504 3577 in
525 3515 647 3595 fugam
669 3514 771 3596 longe
796 3535 816 3578 a
839 3514 966 3598 populo
990 3534 1046 3579 eos
1070 3514 1267 3578 mittebant.
1315 3514 1381 3576 Im·

210 3608 347 3687 perator
363 3604 550 3668 exercitum
569 3601 718 3665 militum
743 3607 778 3666 et
800 3604 907 3666 totius
931 3604 1044 3685 gentis
1068 3622 1128 3666 sue
1153 3601 1381 3665 confortando

210 3696 245 3756 et
269 3694 453 3769 suadendo,
485 3695 526 3754 ut
554 3690 701 3755 viriliter
724 3695 928 3775 pugnarent,
960 3695 1014 3755 et⁰
1043 3691 1182 3754 fortiter
1206 3691 1250 3753 ad
1274 3691 1381 3774 expri-

209 3783 392 3845 mendum⁰
427 3780 593 3864 populum
622 3780 776 3843 instabat
806 3783 841 3844 et
871 3800 931 3863 per
961 3781 1074 3862 girum
1104 3799 1180 3843 cum
1211 3778 1381 3842 militibus

210 3873 245 3932 et
275 3869 448 3952 peditibus
481 3869 550 3931 suis
583 3889 640 3932 eos
673 3869 870 3950 gravissime
905 3868 1146 3951 impugnabat,
1183 3868 1243 3931 sed
1273 3887 1330 3931 eos
1361 3887 1382 3930 a

209 3958 342 4021 carocio
372 3957 469 4020 nullo
499 3959 600 4020 modo
631 3958 804 4021 discedere
830 3951 986 4038 [faceres]
1016 3958 1162 4040 poterat.
1209 3954 1382 4020 Credebat

209 4046 300 4110 enim
335 4046 520 4128 imperator
554 4046 720 4130 populum
755 4049 790 4109 et
822 4046 991 4109 carocium
1027 4049 1062 4109 et
1096 4047 1236 4128 gentem
1269 4047 1381 4107 totam

208 4202 229 4247 a)
244 4205 400 4239 consumentes
415 4201 445 4250 P;
467 4205 657 4240 consumaverunt
670 4201 701 4248 B;
723 4211 766 4238 non
780 4200 861 4248 dubito,
881 4200 931 4248 quin
947 4199 1040 4248 osdayn.
1056 4203 1213 4239 consumantes
1231 4198 1343 4246 temptent
1358 4202 1381 4236 ut

208 4254 261 4292 loeis
280 4254 316 4295 ‘M
330 4251 419 4292 Archie'
434 4254 497 4304 XVI,
513 4266 537 4303 p.
552 4255 597 4295 262.
611 4254 657 4295 274.
676 4255 758 4301 allatis,
777 4254 834 4302 quod
851 4253 923 4292 scriba
942 4254 1021 4292 codicis
1034 4254 1054 4291 B
1071 4253 1196 4294 corroserit.
1267 4251 1290 4299 b)
1309 4262 1380 4300 usqua

208 4307 259 4349 edd.
273 4308 297 4348 P.
353 4310 373 4356 e)
387 4308 443 4346 deest
457 4309 481 4349 P.
543 4306 565 4355 d)
579 4309 610 4346 ste
625 4308 656 4355 Ρ,·
676 4307 787 4346 faeletltes
802 4307 828 4348 B.
889 4309 910 4354 e)
924 4305 1080 4356 oprimendum
1094 4307 1123 4355 P;
1144 4307 1181 4344 eed
1196 4305 1291 4353 Codaan.
1304 4309 1328 4344 et
1342 4315 1381 4344 ex·

208 4371 308 4409 pugnare
318 4372 364 4409 pro
374 4371 504 4410 oppugnare
518 4361 557 4407 (et.
562 4361 631 4409 paulo
640 4361 740 4408 superius
749 4365 797 4408 etp.
805 4361 838 4409 38,
849 4372 870 4402 n.
878 4364 914 4410 q),
929 4361 960 4398 ste
970 4360 1096 4409 exprimere
1106 4369 1152 4408 pre
1162 4359 1289 4408 opprimere
1299 4358 1381 4401 sertbtt.

207 4416 224 4461 t)
237 4414 341 4463 supplevi,
356 4416 412 4453 deest
425 4416 446 4453 B
458 4415 491 4461 (P
501 4414 553 4452 haec
568 4419 625 4462 em.).
