2932 4936
200 401 253 455 EX
271 399 403 455 IAOOBI
421 400 612 470 AQUENSIS
631 399 798 456 cabulon
816 399 1012 456 YMAGINIS
1030 401 1165 459 MUNDI.
1238 406 1272 460 81

128 577 176 631 DE
194 576 318 632 PRIMO
337 576 609 632 IMPEDIMENTO
629 576 731 646 QUOD
750 576 881 631 HABuT
892 588 907 619 ⁸
928 577 971 632 IN
989 578 1148 633 ITINERE
1167 579 1248 637 SUO.

208 689 322 753 Mittit
351 691 444 754 euim
472 691 659 773 imperator
685 689 896 767 Fiederieus,
927 694 1109 774 postquam
1139 692 1181 756 de
1205 691 1272 755 Un·
1284 707 1361 761 1189.

106 778 199 861 geria
220 779 361 843 recessit
372 777 392 855 1,
423 779 563 842 nuntios
591 780 636 842 ad
658 779 900 862 imperatorem
923 778 1272 863 Constantinopolita-

105 888 185 930 num
200 886 262 952 per
276 886 370 931 mare
385 867 559 944 velociter,
583 868 675 950 quod
697 867 795 931 vadit
817 867 969 951 paoifioe.
1016 867 1062 931 ne
1085 868 1274 933 vocabatur

103 956 288 1040 imperator
320 955 723 1040 Constantinopolitauus
754 949 962 1019 oursaousb.
1012 956 1273 1022 Ambaxiatores

104 1048 237 1109 autem⁰
270 1044 486 1128 imperatoris
509 1044 682 1109 Frederioi
711 1039 833 1108 eraut(¹
860 1044 1038 1128 episeopus
1062 1046 1273 1111 Monastieus

104 1137 137 1196 et
160 1153 272 1198 eomes
295 1133 477 1198 Robertus.
524 1133 570 1196 Et
599 1134 692 1215 quod
719 1153 798 1197 eum
826 1153 903 1196 oum
927 1154 988 1197 suo
1012 1134 1166 1198 exercitu
1188 1135 1274 1198 velit

103 1223 243 1305 pacifice
271 1222 433 1305 recipere.
488 1219 589 1300 Quod
618 1225 658 1285 ut
688 1222 786 1285 audit
815 1221 1003 1305 imperator
1034 1221 1274 1287 Constantino·

103 1311 276 1394 politanus
292 1311 477 1394 predictus,
503 1311 752 1375 ambassiatores
776 1311 874 1394 ponit
897 1310 1119 1388 indistricta,
1144 1314 1273 1375 utnon

101 1403 337 1464 revertantur⁰
377 1401 422 1463 ad
454 1399 694 1483 imperatorem
725 1399 955 1463 Frederioum.
1009 1399 1055 1461 nt
1084 1399 1179 1462 ultra
1208 1401 1273 1464 hoe

104 1481 310 1571 congregatf
336 1489 545 1552 maritimumg
571 1488 759 1553 exereitum
789 1491 824 1551 et
854 1507 971 1552 omnes
994 1488 1067 1551 vias
1096 1491 1131 1552 et
1154 1509 1273 1571 passus

103 1577 250 1641 destruit
278 1580 313 1641 et
336 1577 458 1653 munit,
490 1596 534 1641 ne
563 1576 750 1660 imperator
772 1577 947 1639 Romanus
977 1577 1086 1659 possit
1114 1577 1272 1641 transire.

103 1665 146 1728 Elt
169 1665 304 1749 inpedit
329 1666 418 1728 viam
434 1666 633 1749 imperatori
656 1658 717 1730 eth
743 1665 926 1728 introitum
941 1665 1119 1748 Burgarie‚
1143 1665 1205 1729 ubi
1221 1669 1273 1730 est

102 1754 156 1817 via
178 1758 369 1831 montuosa,
396 1754 509 1837 gravis
533 1758 569 1818 et
592 1754 764 1818 artissima
787 1757 823 1817 et
845 1773 966 1817 nemus
993 1753 1117 1818 itinere
1141 1754 1274 1818 dierum

102 1843 216 1905 trium.
264 1843 307 1905 In
326 1844 474 1925 quadam
498 1842 590 1907 enim
604 1842 705 1919 valle,
729 1861 790 1925 per
813 1861 917 1924 quam
940 1843 1108 1907 exereitus
1131 1842 1273 1926 impera·

101 1932 185 1995 toris
220 1931 394 1996 Frederiei
429 1931 532 1995 debet
565 1930 726 2007 transire,
767 1931 866 2014 ponit
904 1932 1078 2012 quandam
1112 1950 1274 2013 magnam

103 2039 225 2102 aquam
249 2023 284 2082 et
306 2019 401 2083 ultra
424 2040 549 2102 aquam
568 2019 655 2083 faeit
670 2019 856 2082 maximum
872 2019 1060 2083 exereitum
1083 2019 1271 2096 homiuum,

103 2112 136 2172 et
169 2108 220 2172 ibi
255 2109 497 2172 contradicunt
531 2109 731 2191 imperatori
759 2108 915 2171 Romano
949 2107 1146 2171 fortissime.
1192 2107 1274 2170 Dux

99 2208 179 2261 ‘vero
211 2191 370 2273 Suavie¹,
406 2197 497 2261 filius
527 2196 756 2281 imperatorie,
792 2215 925 2280 semper
958 2195 1164 2279 precedebat
1195 2216 1273 2259 oum

102 2283 131 2348 V
154 2285 294 2349 milibus
325 2287 481 2368 equitum
510 2288 545 2350 et
576 2279 675 2349 ouml‘
701 2285 732 2348 V
755 2284 895 2349 milibus
918 2285 1075 2369 peditum
1098 2285 1272 2367 sagitario·

100 2395 176 2437 rum
193 2394 254 2457 per
269 2395 375 2438 uuam
392 2375 520 2438 dietam
535 2377 650 2438 totum
666 2374 854 2438 exereitum
876 2373 1102 2457 imperatoris.
1141 2373 1187 2436 Et
1203 2373 1271 2436 ani·

102 2463 206 2526 malia
229 2463 457 2527 comestibilia
480 2467 515 2527 et
538 2483 605 2545 que
628 2462 814 2546 portabant
836 2461 1002 2526 victualia
1029 2461 1270 2544 sequebantur.

102 2550 232 2616 Ultimo
255 2552 418 2616 veniebat
447 2552 615 2616 exercitus
644 2571 790 2634 magnus
821 2571 899 2614 cum
921 2551 1128 2635 imperatore
1151 2551 1272 2614 Frede-

101 2641 180 2705 rico.
221 2640 267 2703 Et
289 2641 413 2704 ultimo
438 2641 481 2704 ad
498 2633 706 2704 custodiam¹
737 2640 891 2703 omnium
915 2643 950 2704 et
973 2643 1051 2723 post
1070 2659 1187 2703 omues
1204 2641 1272 2703 duo

101 2730 197 2793 milia
227 2730 358 2811 equites
388 2730 426 2792 in
457 2730 560 2793 armis
589 2732 701 2792 totam
732 2729 876 2793 caudam
901 2730 1069 2793 exereitus
1092 2729 1272 2811 restringe·

101 2817 195 2881 bant.
242 2818 381 2900 Pugnat
411 2818 502 2881 filius
525 2818 740 2901 imperatoris
764 2817 937 2881 Frederiei
961 2821 1082 2880 eontra
1104 2817 1270 2891 inimicos,

101 2908 158 2989 qui
188 2906 312 2970 volunt
340 2907 432 2970 viam
462 2907 642 2990 impedire,
678 2911 714 2970 et
743 2905 897 2970 debellat
927 2925 984 2969 eos
1019 2909 1054 2968 et
1088 2906 1272 2968 maximam

100 2996 361 3059 multitudinem
384 2995 511 3059 oceidit
535 2996 577 3058 de
600 2994 670 3058 illis
686 2995 850 3077 Burgaris
867 2997 902 3058 et
919 2992 1047 3058 Grecis.
1094 2993 1140 3056 Et
1156 2993 1271 3057 omnia

101 3104 194 3147 arma
217 3088 253 3147 et
276 3083 386 3167 spolia
409 3104 527 3148 eorum
554 3083 729 3167 accipiunt
752 3086 788 3147 et
813 3085 996 3147 destruunt
1023 3101 1141 3146 eorum
1164 3082 1270 3144 muni-

99 3173 221 3236 tiones.

100 3861 121 3904 e)
136 3857 215 3897 hebuit
229 3859 260 3908 A;
282 3868 353 3896 omnes
366 3857 466 3908 rubricae
484 3858 527 3899 des.
541 3856 590 3905 Be,
609 3857 681 3904 spatio
699 3865 766 3894 vacuo
783 3856 856 3894 relicto
870 3855 900 3894 eis
913 3856 980 3895 minio
994 3857 1118 3898 inserendis.
1185 3855 1208 3902 b)
1223 3866 1271 3894 cre-

100 3911 198 3950 scentius
213 3914 253 3952 Α,
318 3910 339 3961 e)
352 3916 378 3950 ut
391 3910 439 3951 132.
520 3907 544 3956 d)
559 3913 608 3948 erat
621 3909 670 3951 132.
747 3907 768 3958 e)
783 3908 973 3951 tenerenturne.
1053 3909 1231 3958 Oeongregsuit
1244 3911 1270 3950 A.

99 3965 121 4012 g)
135 3975 240 4012 magnum
254 3964 274 4002 Β
283 3965 302 4006 1.
312 3965 331 4004 2.
394 3963 417 4011 h)
432 3964 457 4002 in
470 3964 572 4013 introytu
586 3963 606 4001 B
615 3963 634 4004 2.
698 3961 715 4013 i)
729 3962 839 4001 sanxonis
852 3962 872 3999 B
882 3963 900 4002 1.
910 3961 934 4011 23
956 3961 1062 4001 sansonie
1076 3962 1117 4004 del.
1130 3965 1150 4000 et
1163 3962 1186 3999 in
1200 3973 1270 4009 mare.

99 4028 139 4060 ser.
154 4017 233 4056 suauis
247 4029 303 4058 corr.
317 4018 395 4056 sueuie
410 4017 436 4059 A.
463 4017 566 4055 Iacobum
580 4017 665 4065 quidem
681 4014 794 4056 simonie
809 4015 847 4053 hoe
861 4015 905 4053 loeo
919 4015 1030 4063 scripsisse
1043 4019 1132 4064 constet,
1150 4016 1187 4054 sed
1202 4015 1270 4054 neseio

100 4081 128 4108 en
142 4070 181 4110 hoc
196 4072 241 4119 ipse
255 4071 278 4108 in
293 4071 392 4118 mereins
405 4070 530 4112 correxerit.
584 4070 608 4117 k)
622 4070 678 4107 deest
692 4069 741 4110 Ba.
794 4067 811 4114 l)
826 4065 945 4106 eustidiam
959 4068 1007 4110 Ba.

100 4232 126 4295 1)
148 4230 261 4282 Minime
276 4238 416 4297 postquam
439 4231 470 4281 de
493 4209 616 4293 Urqario
640 4229 752 4294 recessit,
779 4227 824 4279 sed
848 4229 903 4279 iam
921 4243 934 4278 e
953 4226 1101 4278 Germania
1125 4228 1199 4280 misit
1222 4228 1270 4279 bos

98 4303 207 4353 nuntios
227 4318 252 4355 a.
267 4303 345 4356 1188.
371 4302 482 4353 Iacobus
505 4301 575 4351 hune
599 4315 717 4352 errorem
742 4299 864 4351 intulisse
882 4299 993 4363 sidetem
1018 4313 1078 4349 eum
1097 4298 1177 4351 Gesta
1195 4299 1267 4362 Feri„

96 4375 257 4440 praesertim
274 4389 324 4426 ree.
343 4372 377 4439 B,
395 4389 454 4423 eum
472 4387 525 4424 non
543 4371 665 4425 babeant.

1040 4478 1056 4530 6
