2932 4936
170 449 346 504 ANNALIU
348 449 378 503 M
397 448 749 504 MEDIOLANMNSIUM
767 448 947 504 BREVIUM
965 448 1001 505 A.
1012 451 1198 505 1159-1177.
1236 453 1270 505 73

204 632 365 696 MOLIX.
411 634 485 697 Rex
507 633 709 697 Fredericus
736 633 852 716 posuit
881 633 1051 697 assedium
1079 633 1169 696 circa
1194 633 1269 697 Ore·

100 743 188 784 mam
211 722 281 784 III.
307 723 361 785 die
387 721 545 786 Octobris
556 721 576 783 ¹.
689 723 848 785 Mortuus
873 725 924 786 esi
947 722 1142 785 Adrianusa
1169 743 1268 805 papa.
1279 744 1322 786 66,
1330 745 1348 786 s.

101 804 247 874 Scismab
276 814 390 873 orium
414 815 466 874 esi
489 811 525 873 in
549 810 693 874 ecclesia
714 811 880 874 Romana.

203 899 344 963 MOLX.
391 899 537 962 Factum
569 902 621 962 esi
651 899 783 962 bellum
817 900 859 963 de
891 898 1043 963 Oarcano
1078 900 1115 961 in
1150 904 1268 963 sancto

99 988 293 1062 Laurentio,
318 988 362 1050 X.
387 988 647 1074 (116661666ὺί2.Ι
1279 1011 1373 1059 6616.

203 1076 385 1140 MOLXII.
416 1075 617 1140 Fredericus
633 1077 819 1160 imperator
831 1076 1107 1140 Mediolanenses
1122 1076 1268 1141 rebelles

99 1166 180 1229 vicii
204 1169 239 1229 ei
262 1165 500 1229 Mediolanum
522 1166 682 1228 funditus
706 1166 829 1229 evertit
854 1165 909 1229 die
933 1164 1035 1228 VIII.
1060 1166 1179 1228 Martii
1187 1160 1213 1228 *.
1280 1189 1372 1231 narse.

203 1253 417 1318 MOLXVII.
452 1254 668 1337 Recuperaia
692 1257 744 1317 esi
768 1254 887 1316 civitas
903 1253 1101 1325 Mediolani,
1127 1258 1163 1317 ei
1179 1255 1269 1318 cives

98 1343 314 1407 intraverunt
344 1342 580 1406 Mediolanum
603 1342 664 1406 VI.
689 1341 769 1405 Kal.
792 1341 943 1406 Mariii³.
1067 1343 1379 1409 Frederiousrarer.

98 1432 264 1505 Parmam,
290 1431 491 1506 Bononiam,
516 1431 708 1495 Terdonam
732 1451 809 1494 cum
833 1431 909 1494 aliis
934 1431 1131 1494 civitatibus
1156 1433 1268 1513 coegit

98 1522 141 1584 ad
165 1519 406 1584 deditionem4.

203 1608 431 1672 MOLXXVI.
478 1609 544 1673 Die
560 1608 662 1672 VIII.
680 1609 788 1671 Madii
813 1607 1017 1672 Ounrandus
1042 1600 1356 1708 Oagapisiusfflla'ss}

97 1698 192 1761 venii
216 1697 370 1761 Venetiis
395 1700 430 1760 ei
453 1702 602 1761 rectores
626 1697 875 1779 Longobardie
904 1697 964 1761 ubi
988 1701 1087 1761 erant
1110 1697 1268 1761 dominus
1355 1702 1360 1711 '

98 1807 187 1870 papa
202 1786 399 1850 Alexander
423 1790 458 1850 ei
481 1787 668 1869 imperator
683 1786 885 1849 Fredericus
909 1807 970 1869 pro
994 1807 1078 1870 pace
1096 1786 1267 1851 facienda.

204 1874 296 1938 Item
318 1875 355 1937 in
377 1875 451 1958 ipso
476 1895 565 1938 anno
589 1875 625 1937 in
648 1875 839 1939 festivitate
864 1879 1061 1938 sanctorum
1079 1878 1357 1958 martyrnmmc,

98 1963 223 2040 Sisinii,
248 1964 406 2047 Martyrii
430 1967 465 2027 et
489 1963 678 2027 Alexandri
702 1963 833 2027 bellum
857 1965 900 2027 de
919 1963 1083 2046 Legnano
1100 1963 1170 2026 III.
1187 1963 1373 2032 Kalmsre.

98 2052 191 2115 Iunii
201 2053 221 2089 ⁶·
231 2055 274 2113 **.

213 2223 240 2292 *)
258 2225 315 2277 Her
334 2226 386 2277 loeo
404 2226 473 2278 mele
490 2227 610 2292 sequitur
627 2227 657 2276 ia
675 2226 729 2280 ed:
753 2222 914 2280 MOLXIV.
939 2222 973 2278 X.
994 2223 1038 2277 die
1056 2223 1157 2277 mensis
1175 2222 1269 2279 Martii

257 2294 310 2348 fuir
327 2312 420 2365 pugna
437 2295 467 2348 in
486 2294 737 2364 Campo-mortum
761 2298 829 2362 quod
847 2297 906 2350 Not.
926 2297 953 2349 S.
969 2296 1079 2361 Georeii
1096 2297 1133 2346 cd
1150 2299 1267 2351 61061.

256 2365 292 2420 X.
311 2365 374 2422 Kal.
393 2365 468 2432 Iun.;
495 2369 566 2422 Aen.
586 2369 612 2421 S.
632 2369 969 2448 Musteryr'iflede311061;
995 2368 1066 2421 Arre.
1086 2368 1192 2421 Medici.
1212 2368 1268 2420 bre-

257 2441 361 2564 {casm
377 2440 414 2489 cd
431 2441 550 2494 61064,
581 2437 616 2493 X.
637 2437 680 2490 d1e
699 2455 799 2490 mensis
817 2436 904 2490 Madu
922 2440 993 2490 ieter
1010 2440 1128 2493 61127.
1147 2445 1171 2491 et
1190 2440 1267 2493 1200.

197 2578 241 2648 *r
258 2581 571 2717 666666
585 2580 1105 2719 remunerare.
1205 2582 1355 2736 66.

258 2721 371 2775 Domini
383 2720 570 2778 MOLXXVI.
589 2722 661 2774 inter
674 2721 847 2791 Legnienum
866 2725 894 2774 ei
912 2721 1039 2775 Ticinum
1051 2721 1269 2775 Mediolanenses
1303 2700 1372 2740 Μ’·

259 2793 423 2861 expulerunt
441 2793 475 2846 de
495 2810 591 2862 campo
609 2793 793 2861 inperatorem
806 2792 969 2846 Federicum
988 2810 1051 2845 cum
1069 2797 1128 2846 toto
1148 2793 1269 2846 exercitu

259 2881 315 2932 suo,
341 2867 368 2917 et
386 2863 485 2916 infiniti
505 2864 649 2919 Teutonici
668 2864 740 2932 capti
759 2867 822 2916 suni
839 2863 878 2916 ibi
897 2867 924 2916 et
941 2863 1032 2931 gladio
1051 2864 1141 2929 occisi,
1165 2863 1268 2916 elfere

258 2938 331 2987 totus
349 2936 466 3004 populus
486 2935 672 2988 Cumanorum
690 2935 729 2988 ibi
746 2935 885 2989 remansit.
919 2937 1058 3002 (Sequitur
1077 2937 1268 3000 lacerares).

98 3097 120 3142 6)
133 3092 262 3135 Hadrianus
277 3096 303 3137 L.
357 3096 380 3142 b)
395 3096 497 3136 Schisma
510 3097 536 3140 L.

99 3239 125 3302 1)
145 3237 205 3287 Iam
223 3254 241 3288 a
259 3254 345 3290 mense
362 3238 435 3290 lulio
453 3240 558 3290 ineunte
577 3238 671 3290 Orene
697 3238 798 3290 obsessa
823 3244 876 3300 est,·
900 3253 986 3304 cupre
1000 3254 1029 3304 6.
1042 3238 1094 3299 36,·
1121 3236 1268 3291 666616.

94 3325 123 3375 6.
137 3308 197 3362 610.
253 3308 280 3374 2)
297 3309 381 3360 Immo
399 3310 470 3374 Aee.
484 3312 508 3364 9.
534 3311 562 3364 J.
618 3309 645 3376 3)
662 3309 746 3361 Immo
760 3309 789 3363 V.
803 3309 869 3364 Kal.
882 3310 969 3370 Meii;
987 3310 1021 3371 cf.
1039 3309 1097 3362 Ner.
1112 3309 1140 3363 S.
1152 3307 1268 3373 Georqii.

97 3379 125 3444 4)
143 3378 201 3430 Hoc
218 3380 320 3443 falsum
338 3386 383 3434 est.
421 3381 534 3432 Nullum
546 3380 646 3431 herum
658 3382 794 3432 civitatum
812 3380 860 3431 hee
877 3396 949 3431 enno
965 3381 1002 3430 cd
1013 3380 1168 3432 deditionem
1181 3380 1268 3444 66666).

97 3451 125 3515 5)
137 3449 217 3501 Haec
229 3467 281 3503 6666
296 3451 448 3502 Gircrdem
460 3453 564 3503 Pistum
576 3453 701 3503 nuntiem
713 3452 934 3503 Mediolanensem
946 3452 993 3517 (cf.
1006 3451 1064 3504 LL.
1077 3450 1116 3516 II,
1129 3455 1152 3515 1,
1169 3469 1197 3517 6.
1210 3453 1268 3505 152.

99 3522 166 3582 157,·
184 3521 327 3575 Rerneeld.
347 3523 453 3575 Scelere.
473 3523 536 3588 [SS.
555 3523 635 3587 XIX,
655 3540 682 3590 6.
694 3523 776 3588 447])
798 3521 875 3587 Jaffe
889 3529 956 3574 recte
973 3523 1087 3575 6666666.
1125 3522 1199 3585 Quod
1216 3537 1269 3573 666

98 3592 208 3642 dubium
226 3599 271 3657 est,
292 3610 350 3644 6666
368 3595 437 3645 idem
449 3596 529 3644 etiem
543 3594 682 3645 Girardus
695 3594 857 3661 Conspectus
868 3600 984 3656 vocetur,⁸
1002 3596 1037 3657 6).
1052 3593 1166 3657 Giuliei,
1182 3593 1268 3643 ‘Mena

98 3663 129 3713 di
152 3663 267 3715 Milcrae'
292 3663 351 3730 III,
379 3682 407 3731 6.
421 3666 481 3719 750.
511 3665 574 3716 Ideo
598 3679 692 3716 666666
719 3665 862 3716 06666666ῐί
887 3670 1042 3730 corruptum
1069 3679 1121 3714 6666
1147 3669 1268 3730 apparet.

98 3735 126 3799 6)
143 3733 228 3786 Immo
250 3737 276 3789 4.
295 3736 361 3788 Kal.
381 3734 451 3801 len„
478 3737 526 3802 qui
549 3737 605 3786 dies
630 3736 713 3798 festus
737 3742 775 3786 est
798 3736 897 3786 Sis-inii
917 3741 941 3786 et
959 3734 1128 3794 Alexandri‚·
1153 3734 1187 3795 cf.
1208 3734 1268 3784 Not.

98 3805 125 3857 S.
141 3804 258 3871 Geerqii.
