2932 4936
201 463 254 521 EX
271 463 404 520 IAOOBI
422 461 612 533 AQUnNffls
631 461 798 519 030ch
816 461 1010 519 YMAGINIS
1028 461 1165 518 MUNDI.
1237 465 1272 518 89

103 672 218 720 eorum
244 650 383 714 nomine
406 648 623 729 Restagnus⁸
649 646 745 710 venit
776 648 896 709 contra
924 665 986 709 nos
1017 665 1095 709 cum
1123 649 1271 712 maximo
1282 663 1360 717 1190.

104 740 254 808 exercitu
288 738 332 802 ad
362 736 536 821 quandam
567 754 729 818 magnam
763 734 976 811 stricturam,
1012 738 1048 799 et
1077 736 1125 800 ibi
1155 758 1271 802 sumus

102 828 209 895 locuti
233 826 392 903 cumeis,
424 825 515 908 quod
542 844 604 888 nos
632 823 837 907 permittant
858 822 1007 888 transire
1030 825 1181 908 pacifice.
1227 826 1272 890 Et

103 921 226 1004 petunt
249 937 271 981 a
291 915 392 979 nobis
415 916 556 978 centum
578 932 682 995 equos
705 913 890 975 honeratos
914 932 1008 976 auro.
1055 911 1187 992 Quibus
1213 916 1272 978 im·

103 1009 239 1093 perator
254 1004 416 1070 derisorie
431 1001 618 1086 respondit,
643 1000 735 1082 quod
751 999 850 1064 dabit
872 1000 920 1064 eis
944 1021 1068 1064 aurum
1089 1024 1272 1087 mangana·

102 1094 207 1160 tnml.
254 1093 301 1157 llt
324 1112 402 1156 cum
425 1092 492 1155 isto
516 1093 618 1174 pacto
641 1108 774 1172 semper
799 1089 1040 1167 transibamus,
1072 1091 1181 1157 donec
1208 1094 1272 1156 iui-

102 1205 175 1248 mus
199 1186 297 1249 extra
318 1181 484 1246 terminos
508 1199 625 1243 eorum
649 1198 726 1242 cum
749 1198 820 1241 non
842 1177 954 1241 multo
978 1180 1127 1263 dampno
1143 1187 1271 1247 nostro.

103 1272 146 1337 llt
179 1275 259 1357 post
292 1272 357 1334 hec
390 1269 584 1333 invenimus
618 1267 699 1330 hine
733 1267 815 1331 inde
849 1266 892 1331 de
927 1267 1148 1347 victualibus,
1189 1271 1273 1336 licet

103 1361 251 1426 multum
275 1359 371 1424 caris.

103 1532 150 1588 nn
166 1528 356 1602 Quonsnb
379 1527 539 1583 MAXIMO
558 1526 608 1581 ΕΤ
627 1526 731 1582 DURO
751 1527 900 1596 PRnnIO,
918 1527 960 1584 IN
978 1528 1056 1599 QUO
1074 1529 1165 1585 FUIT
1184 1530 1271 1586 PER·

261 1617 401 1674 CUSSUS
420 1615 509 1684 DUX,
528 1615 656 1671 FILIUS
675 1615 941 1672 IMPERATORIS
960 1617 1109 1676 NOSTRI.

207 1715 291 1779 Post
314 1715 378 1778 hee
402 1712 542 1794 quidam
558 1712 773 1775 armirandus
788 1732 933 1795 magnus
957 1714 1000 1778 de
1022 1713 1092 1778 illis
1116 1716 1271 1798 partibus
1281 1735 1385 1785 (narra).

103 1805 195 1870 venit
218 1804 263 1867 ad
281 1803 523 1886 imperatorem
539 1803 574 1864 et
591 1800 687 1877 dixit,
712 1801 804 1883 quod
819 1801 918 1865 nobis
934 1804 1131 1867 ostenderet
1146 1805 1272 1870 bonam

103 1893 200 1970 viam,
226 1893 355 1956 ‘tamen
377 1908 478 1953 mane
501 1887 673 1953 habebitis
694 1888 842 1972 prelium
856 1891 1044 1954 maximum
1058 1891 1273 1958 Turchorum

104 1985 136 2046 et
170 1978 381 2046 Grecorum’.
439 1978 512 2042 Iste
546 1977 785 2041 armirandus⁰
826 1979 917 2062 cepit
955 2000 1018 2044 nos
1053 1981 1177 2047 ducere
1212 2004 1272 2066 per

103 2073 234 2135 montes
269 2068 500 2194 {ravissimoa
537 2070 573 2130 et
601 2067 743 2130 tandem
773 2067 989 2150 pervenimus
1018 2069 1063 2132 ad
1093 2072 1272 2136 cacumina

103 2159 306 2224 montium.
358 2155 404 2220 Et
434 2175 512 2220 ecce
542 2155 699 2237 sequenti
729 2154 785 2219 die
815 2174 932 2220 versus
962 2156 1145 2240 planiciem
1175 2161 1385 2228 venitcsaeo.

102 2247 237 2312 infinita
263 2245 453 2309 multitudo
475 2244 689 2307 Turchorum
713 2247 748 2307 et
771 2244 924 2307 omniurn
946 2246 1129 2309 nationum
1152 2252 1272 2312 contra

103 2357 161 2402 nos
191 2336 236 2400 ad
266 2334 424 2419 prelium.
476 2333 573 2396 Tunc
607 2351 725 2396 omnes
755 2333 948 2416 accepimus
978 2335 1205 2419 penitentiam
1236 2341 1272 2401 et

103 2425 333 2490 invocavimus
357 2421 524 2486 auxilium
546 2421 726 2485 salvatoris
743 2420 825 2485 Iesu
841 2421 1004 2486 Christi0.
1040 2423 1147 2488 Facto
1170 2446 1270 2490 mane

102 2515 210 2579 nostri
232 2512 388 2596 sagitarii
411 2511 568 2575 ordinate
593 2513 758 2593 ceperunt
781 2511 984 2576 antecedere
1008 2514 1204 2590 exercitum,
1236 2519 1272 2579 et

103 2603 300 2668 devenimus
323 2602 368 2665 ad
390 2600 557 2663 inimicos.
603 2598 649 2662 llt
667 2618 785 2663 omnes
800 2598 939 2664 fortiter
960 2633 1005 2644 -
1028 2605 1064 2665 et
1086 2602 1271 2687 imperator

102 2691 279 2757 nobiscum
295 2689 506 2773 -cepimus
522 2707 687 2772 pugnare.
734 2686 780 2751 Et
798 2687 1010 2753 habebamus
1026 2707 1139 2756 omnes
1156 2712 1272 2757 cruces

102 2780 136 2843 in
163 2780 267 2844 armis
291 2783 326 2843 et
349 2777 493 2843 vexillis.
540 2776 586 2840 Flt
615 2777 802 2860 pugnando
830 2778 1041 2861 perdidimus
1069 2780 1185 2846 omnia
1207 2782 1271 2845 vio·

102 2869 210 2933 tualia
240 2871 275 2932 et
303 2865 540 2931 comestibilia.
586 2864 691 2929 Modo
721 2866 791 2928 dux
814 2864 938 2930 Suavis
969 2887 1047 2929 eum
1076 2889 1139 2932 sua
1168 2873 1271 2951 gente

103 2958 254 3040 probiter
283 2956 437 3040 precedit
467 2953 656 3038 preliando,
687 2956 723 3017 et
751 2974 813 3017 nos
844 2973 922 3017 curn
950 2954 1155 3038 imperatore
1182 2958 1271 3020 viva·

104 3039 207 3111 citerf
234 3045 418 3127 sequimur.
465 3043 511 3105 Et
542 3063 619 3106 cum
649 3042 859 3125 pervenisset
890 3042 959 3105 dux
983 3064 1060 3107 cum
1083 3065 1146 3108 sua
1168 3051 1271 3127 gente

103 3136 144 3198 ad
174 3134 366 3218 planitiem,
399 3130 536 3196 barbari
564 3131 696 3194 inimici
725 3129 863 3194 fortiter
893 3131 1063 3195 invadunt
1092 3133 1271 3217 imperato·

102 3242 187 3300 rem,
217 3212 537 3306 gpersequebaturh
564 3220 772 3295 intantum,
801 3221 894 3301 quod
916 3240 987 3283 non
1009 3225 1205 3305 poteramus
1229 3224 1271 3287 de

102 3316 217 3377 monte
241 3311 457 3375 descendere.
504 3307 605 3386 Quod
627 3311 668 3371 ut
690 3308 785 3371 videt
808 3308 887 3385 dux,
911 3309 1096 3373 revertitur
1117 3332 1194 3375 cum
1210 3331 1272 3376 sua

102 3404 203 3482 gente
220 3399 265 3463 ad
279 3420 351 3475 nos,
376 3402 412 3462 et
434 3401 520 3461 tune
535 3398 576 3460 fit
591 3396 737 3480 prelium
751 3396 978 3460 fortissimum
1001 3402 1037 3462 et
1052 3399 1273 3464 durissimum

102 3509 160 3571 per
182 3491 298 3552 totum
321 3486 421 3550 illum
444 3486 546 3549 diem.
591 3486 637 3548 Et
667 3506 745 3548 eum
774 3485 948 3570 lapidibus
972 3491 1007 3551 et
1030 3488 1167 3570 sagittis
1191 3493 1271 3553 ante

103 3581 136 3641 et
164 3581 258 3642 retro
293 3579 329 3640 et
363 3576 400 3638 in
430 3575 538 3638 latere
573 3567 754 3638 continue¹
791 3570 1068 3658 impugnabantk
1101 3597 1172 3640 nos.
1227 3576 1272 3639 Et

102 3667 240 3730 tandem
265 3664 403 3728 fortiter
426 3663 618 3748 percutitur
641 3662 732 3725 filius
756 3664 971 3746 imperatoris
996 3666 1065 3727 dux
1081 3664 1204 3728 Suavis
1229 3666 1271 3729 de

102 3752 215 3840 lapide
238 3773 355 3836 grosso
379 3772 481 3836 super
504 3772 541 3814 os
565 3754 600 3815 et
623 3751 773 3834 perdidit
798 3752 840 3815 de
863 3753 981 3836 primis
1005 3755 1090 3817 duos
1115 3746 1270 3817 dentes¹.

102 3928 123 3974 a)
136 3931 255 3976 rosngnus
269 3926 295 3969 Α
349 3925 373 3976 b)
387 3922 499 3973 quoddam
514 3925 541 3965 A.
595 3926 616 3971 c)
630 3921 768 3964 almlrsndus
782 3923 803 3966 b.
817 3924 832 3966 l.
846 3924 923 3966 Bm.
977 3924 1001 3974 (1)
1015 3925 1128 3966 nuncium
1141 3926 1196 3976 Bl5
1215 3935 1272 3965 nun·

103 3979 223 4022 erumna.
277 3981 298 4026 e)
313 3976 351 4018 dei
365 3979 415 4020 add.
430 3978 478 4019 ΒΞ,
531 3976 738 4023 onustum.
793 3980 816 4026 g)
830 3981 853 4016 et
867 3987 918 4016 eum
935 3979 959 4017 ἐκ
973 3990 1043 4027 muro.
1058 3979 1109 4021 add.
1124 3979 1150 4020 A
1204 3978 1228 4026 h)
1242 3980 1272 4017 eie

104 4032 178 4076 41³2
192 4033 311 4082 arautem
326 4032 365 4080 qui
378 4031 516 4080 sequebatur
529 4030 578 4072 Bl.
596 4050 601 4057 ›
619 4030 636 4077 i)
650 4027 744 4069 cottidie
757 4031 783 4072 A.
825 4030 848 4078 k)
862 4029 995 4079 impugnant
1008 4033 1056 4074 ΒΞ.
1099 4033 1115 4080 l)
1130 4030 1209 4082 deptes
1224 4032 1271 4073 Bl.

104 4157 127 4224 1)
146 4157 204 4213 Le.
223 4173 360 4222 mauram
378 4153 516 4225 (machina
534 4154 710 4218 incultioris)
726 4154 881 4221 proiectum.
914 4154 965 4205 Sed
980 4156 1078 4222 procul
1094 4155 1174 4207 dubio
1193 4155 1272 4206 Gesta

102 4226 148 4281 boc
167 4230 220 4281 loco
238 4229 418 4280 authenticum
436 4227 531 4277 habent
550 4226 689 4280 lectionem.
726 4226 798 4276 Nam
815 4225 929 4279 Arnold.
942 4225 1034 4280 Dubio
1047 4226 1097 4290 IV,
1113 4228 1156 4280 12.
1173 4232 1273 4277 narrat

102 4298 272 4352 lbidcrr'cum
294 4300 405 4352 soldano
423 4298 509 4349 Iconii
525 4298 626 4348 dmiccc
644 4312 670 4349 se
688 4297 713 4348 ei
729 4297 859 4348 daturum
875 4312 929 4348 esee
951 4313 1036 4348 unum
1060 4294 1202 4349 denarium
1226 4294 1272 4362 qui

102 4371 204 4424 manlat
222 4369 336 4435 dicitur3
361 4376 385 4422 et
403 4369 476 4423 Hiet.
496 4383 611 4436 persar,
636 4384 702 4436 quae
724 4369 829 4434 quidem
849 4368 897 4419 hoe
914 4368 1055 4434 aliquanto
1069 4375 1130 4435 poet
1148 4367 1273 4419 umidiore

102 4448 208 4508 narrat,
229 4444 416 4509 imperatorem
433 4441 534 4492 dictem
551 4439 636 4503 refert
653 4456 680 4492 sc
698 4439 864 4505 lcrqiturum
886 4438 982 4491 Turris
999 4454 1084 4490 unum
1103 4440 1271 4506 argenteum.
