2932 4936
201 448 255 504 ΚΧ
272 447 404 504 IAGOBI
421 448 612 519 AQURNSIS
630 448 798 506 GRONIGA
816 449 1011 518 YMAGINIS
1030 449 1165 507 MUNDI.
1238 454 1273 506 85

106 633 139 696 in
152 632 301 698 maxima
316 632 541 697 multitudine
556 633 754 697 occidimus.
789 633 885 697 Tunc
902 638 1018 698 autem
1034 633 1129 696 XII⁸
1145 633 1361 702 Turchi1189.

106 722 275 804 quandam
304 721 532 785 munitionem
555 721 698 805 capiunt
721 725 757 785 et
780 721 926 786 viriliter
948 722 1152 786 defendunt.
1198 722 1272 786 Nec

104 809 275 894 potuimus
292 829 348 874 eos
364 809 499 875 vincers
515 810 583 874 nisi
598 829 677 873 cum
692 810 840 873 maximo
857 809 974 874 labore
995 814 1030 875 et
1050 810 1140 893 igne.
1176 811 1273 874 Tunc
1283 789 1406 908 {Flfflm

104 899 147 962 im
191 899 285 961 rator
314 898 424 962 mittit
452 899 594 962 nuntios
624 918 702 962 suos
730 899 930 982 imperatori
958 898 1149 976 Frederico,
1181 901 1274 981 quod

104 921 200 1051 nobis
223 986 300 1050 vult
324 988 404 1052 dare
427 987 615 1051 transitum
637 1006 699 1071 per
720 991 832 1051 totam
855 1008 953 1051 suam
975 990 1118 1064 terram;
1149 990 1183 1053 et
1206 987 1273 1052 nisi

105 1077 166 1140 hoc
188 1075 337 1151 fecisset,
362 1076 569 1159 cepissemus
593 1075 931 1159 Constantinopolim
952 1076 1132 1140 violenter.
1179 1077 1291 1148 Petit,

103 1164 286 1248 imperator
315 1163 516 1229 Frsdericus
546 1165 691 1247 obsydes
722 1165 765 1229 ds
796 1162 928 1240 Grecis,
965 1165 1057 1247 quod
1086 1165 1274 1230 servabunt

103 1253 167 1317 sibi
196 1252 465 1336 promissionem.
511 1252 558 1316 Et
586 1253 697 1316 mittit
727 1252 791 1316 sibi
822 1253 1008 1336 imperator
1035 1252 1405 1324 Constantino-(assu.

103 1341 276 1426 politanus
299 1340 374 1404 XII
397 1334 562 1405 baronesb
595 1361 746 1424 magnos,
777 1341 837 1424 qui
866 1345 961 1405 stant
991 1341 1179 1405 nobiscum.
1227 1341 1274 1405 Et

102 1432 234 1495 ducunt
260 1433 375 1494 totum
402 1430 590 1494 exercitum
614 1450 692 1493 cum
714 1430 921 1514 imperatore
944 1432 990 1494 ad
1012 1449 1173 1512 magnam
1196 1431 1273 1494 civi·

102 1523 210 1583 tatem
233 1517 354 1583 Grecis
376 1517 560 1602 Galpolim.
607 1519 765 1582 Etenim⁰
793 1520 886 1603 apud
909 1517 1084 1603 Galpolim
1106 1519 1272 1602 pessimus

104 1612 137 1673 st
166 1608 280 1691 gravis
309 1608 486 1671 transitus.
534 1606 579 1671 Et
602 1628 673 1671 non
695 1611 811 1692 potest
832 1607 974 1672 transiri
997 1607 1081 1672 alibi
1104 1607 1171 1671 nisi
1195 1627 1272 1672 curn

103 1695 253 1780 periculo
283 1695 368 1773 vite,
400 1697 481 1778 quia
509 1695 559 1760 ibi
589 1700 670 1760 sunt
700 1695 843 1779 paludes
874 1700 910 1760 et
939 1699 1073 1760 montes
1104 1695 1271 1772 altissimi,

103 1805 203 1869 super
227 1804 310 1867 quas
332 1805 404 1848 non
426 1787 542 1868 potest
565 1785 713 1849 ascendi.

244 1954 411 2010 TRANSIT
429 1954 669 2011 FREDERIGUS
688 1954 864 2010 PALUDES
883 1953 1131 2012 GALPOLIDES.

208 2051 252 2113 In
274 2051 425 2115 transitu
448 2049 615 2133 paludum
639 2048 862 2134 Galpolidum
890 2050 1074 2114 habuimus
1100 2053 1156 2114 tot
1181 2051 1272 2114 navi-

103 2139 206 2216 culas,
238 2141 329 2223 quod
352 2139 389 2203 in
412 2159 483 2202 una
506 2138 584 2203 diel
606 2139 826 2203 transivimus
850 2159 977 2215 omnss,
1009 2142 1151 2223 excepto
1180 2140 1272 2221 quod

102 2229 171 2293 dux
194 2228 319 2293 Suavie
341 2248 403 2313 per
426 2228 600 2292 antediem
622 2227 784 2292 transivit
807 2248 885 2291 cum
908 2227 939 2290 V
955 2226 1094 2291 milibus
1118 2227 1423 2309 equitumrnarrasss

102 2321 137 2382 'et
163 2318 311 2381 totidem
340 2318 497 2400 peditum
519 2316 792 2400 saginariorums
838 2315 1033 2399 Imperator
1056 2319 1172 2380 autem
1196 2315 1272 2380 Ebe-

102 2401 258 2470 dericus‘l
279 2405 403 2469 habuit
427 2407 470 2469 ad
493 2406 743 2470 transeundum
766 2404 902 2488 galeam
924 2424 1030 2467 unam
1052 2424 1213 2487 magnam
1238 2408 1410 2473 strumas).

101 2494 237 2571 fortem,
262 2495 343 2576 quia
365 2514 435 2558 non
460 2493 654 2558 confidebat
678 2495 720 2558 de
737 2492 865 2557 Grecis.
912 2493 958 2557 Et
980 2493 1058 2557 ideo
1081 2493 1132 2556 ita
1154 2512 1272 2557 omnes

102 2583 235 2647 ibamus
266 2603 344 2646 curn
374 2582 476 2646 armis
506 2583 634 2665 paratis
659 2586 694 2646 et
717 2581 852 2647 balistis
882 2582 1040 2658 extensis,
1072 2585 1131 2646 ac⁰
1160 2581 1189 2646 si
1211 2582 1272 2644 ini-

102 2673 181 2736 mici
205 2675 320 2735 essent
342 2671 401 2735 ibi.

260 2841 436 2896 VENIMUS
453 2841 506 2896 AD
526 2840 743 2897 ΟΝΙΤΑΤΕΜ
760 2840 1103 2897 PHYLADaLFIAMe.

205 2937 289 3000 Post
318 2937 505 3000 transitum
534 2957 615 3001 vero
644 2936 749 3000 istum
780 2937 1019 3018 gravissimum
1041 2935 1197 2999 venimus
1227 2935 1271 2998 ad

100 3026 276 3089 civitatem
294 3018 579 3109 Phyladelfiamf,
605 3028 640 3088 et
662 3024 829 3089 nolebant
851 3024 950 3088 nobis
973 3024 1121 3088 vendere
1144 3023 1397 3094 Vissbua'fflpnffl).

100 3114 156 3177 lia.
209 3113 255 3176 nt
284 3114 362 3178 ideo
391 3116 577 3197 preparant
607 3133 643 3177 ss
673 3113 876 3177 Theotonici
911 3113 955 3176 ad
988 3111 1119 3176 bellum
1152 3115 1272 3175 contra

100 3201 243 3279 Grecos;
275 3206 310 3266 et
333 3203 370 3265 in
393 3203 482 3266 isto⁸
508 3201 600 3266 bello
623 3201 768 3266 fecimus
792 3202 840 3265 eis
864 3201 1050 3264 maximum
1072 3201 1269 3284 dampnum,

100 3295 135 3354 st
158 3291 264 3354 etiam
286 3291 352 3374 ipsi
375 3291 483 3355 nobis.
531 3291 664 3354 Iterum
686 3294 872 3373 preparant
895 3310 931 3354 se
948 3289 1049 3354 Greci
1072 3290 1117 3352 ad
1139 3288 1271 3352 bellurn

99 3379 286 3443 nobiscum.
333 3379 379 3442 Et
407 3382 492 3443 tunc
523 3379 720 3463 supervenit
750 3380 936 3462 imperator
964 3379 1165 3443 Fredericus
1193 3398 1271 3442 cum

101 3468 253 3532 exercitu
275 3488 412 3560 magno.
452 3466 552 3544 Quod
574 3468 730 3532 videntes
748 3466 850 3532 Greci
873 3468 916 3531 de
932 3459 1159 3531 Philadelfiall
1186 3467 1271 3530 dant

98 3556 197 3620 nobis
220 3556 352 3620 forum¹
382 3549 446 3620 dek
464 3555 683 3620 victualibus.
730 3557 846 3619 Intrat
867 3556 1054 3639 imperator
1069 3555 1270 3619 Fredericus

101 3645 276 3709 civitatem
305 3645 402 3708 illam
433 3665 511 3708 cum
540 3645 671 3728 paucis,
709 3648 744 3709 et
774 3645 943 3709 exercitus
972 3647 1067 3707 totus
1097 3646 1193 3707 extra
1221 3663 1270 3706 re-

99 3839 154 3900 ab
168 3853 271 3895 sams.
339 3853 361 3900 s)
375 3853 479 3896 nus
541 3851 860 3900 c)1sr.ap.s.om.s.sa
921 3850 944 3900 a)
958 3849 1063 3894 federa.
1078 3851 1132 3893 us.
1192 3851 1213 3896 e)
1227 3851 1270 3889 nac

100 3906 177 3948 Bar.
217 3903 377 3953 Olllsdslflam
391 3907 412 3944 A
425 3906 470 3948 lai.
517 3907 540 3954 g)
555 3910 578 3945 st
592 3905 641 3944 inito
655 3907 681 3948 A.
722 3906 746 3952 h)
761 3903 930 3956 phyladelphya
944 3904 988 3948 nt.
1003 3905 1056 3954 Bl;
1072 3901 1208 3954 phyladelfla
1222 3903 1269 3944 132.

100 3958 117 4010 l)
130 3959 179 3998 tcta
192 3959 242 4003 Ba.
296 3959 320 4008 k)
334 3959 436 3999 omnibus
451 3959 502 4003 aaa.
516 3959 564 4002 32.

100 4136 127 4202 1)
150 4136 257 4188 Rectius
283 4138 362 4188 Gesta
387 4140 509 4202 referunt
533 4139 678 4189 sancitam
703 4139 816 4204 quinque
841 4138 946 4201 (reuera
970 4137 1030 4199 sca)
1055 4135 1146 4186 diebsn
1170 4135 1270 4199 fretum

99 4209 247 4262 transiisse.
284 4207 335 4259 Sed
357 4224 447 4259 aerum
471 4208 517 4260 boe
535 4224 587 4260 esse
602 4215 697 4275 posset,
725 4210 750 4260 si
767 4214 860 4259 auctor
877 4207 962 4258 diem
979 4206 1063 4258 soluit
1080 4221 1159 4257 suam
1176 4221 1270 4270 cymen

99 4294 156 4328 nno
173 4278 216 4330 die
234 4280 382 4333 transiisse.
454 4278 481 4344 2)
498 4280 592 4347 Ipsum
610 4280 699 4332 dacem
717 4282 747 4331 in
765 4295 843 4331 coena
860 4278 972 4329 Domini
989 4277 1087 4342 (Mart.
1100 4275 1156 4346 22),
1176 4291 1270 4340 cymen

98 4350 156 4400 eins
178 4351 208 4400 in
230 4366 375 4416 parasceue
398 4350 496 4415 (Mart.
515 4353 563 4415 23)
589 4352 729 4403 transiisse
754 4351 902 4402 Ansbertas
925 4349 1058 4409 tradidit·
1082 4348 1151 4414 qaod
1170 4347 1267 4400 Cicron.

98 4422 175 4485 repie
194 4420 249 4474 Cot.
264 4438 294 4488 p.
309 4423 367 4475 148.
386 4421 534 4485 ernfirniat.
