2932 4936
205 373 259 430 EX
278 373 410 430 IAOOBI
428 372 619 443 AQUENSIS
638 373 805 429 ORONIOA
822 373 1016 431 YMAGINIS
1034 374 1170 432 MUNDL
1242 381 1277 433 97

103 560 211 625 donec
243 559 399 623 venimus
434 558 597 642 pacifice*
631 558 676 620 ad
706 558 883 622 civitatem
912 560 1085 641 quandam
1114 559 1364 633 Armenie1190,

103 649 241 713 nomine
257 646 471 730 Phalephy¹;
498 649 533 710 et
556 640 788 711 habebamusb
808 647 961 712 dolorem
976 668 1082 732 prope
1101 652 1136 712 et
1151 648 1396 722 nescio-(anio).

103 737 234 802 bamus.
281 735 328 799 Iit
343 735 526 799 videbatur
541 734 651 811 nobis,
676 736 767 818 quod
783 755 932 800 essemus
951 737 988 799 in
1003 738 1171 820 paradiso,
1196 738 1277 819 quia

103 845 237 891 eramus
260 825 298 888 in
321 844 416 908 pace.
462 823 556 888 Mors
586 827 703 888 autem
732 824 948 908 imperatoris
971 826 1080 890 nostri
1104 826 1276 890 Frederici

104 919 176 978 erat
199 913 403 998 propinqua,
428 913 518 976 sicut
540 912 644 981 infra.
656 912 800 976 dicetur.

154 1173 205 1227 Dii
223 1171 385 1227 MAXIMO
403 1170 556 1226 DOLORE
574 1171 625 1225 Dii
643 1170 778 1226 MORTE
796 1169 937 1226 NOSTRI
955 1171 1222 1228 IMPERATORIS

431 1258 639 1314 FREDIIRIOI
656 1258 947 1317 BARBA-ROSSA.

210 1373 312 1438 Ultra
333 1373 464 1436 flumen
479 1373 674 1456 predictum
689 1373 732 1436 de
749 1372 883 1457 Oalphy
906 1377 1005 1437 erant
1028 1373 1104 1437 loca
1127 1375 1276 1458 spetiosa

104 1468 137 1528 et
171 1461 395 1527 delectabilia
432 1461 524 1525 sicut
560 1461 749 1543 paradisus.
806 1461 853 1525 Fit
889 1462 1052 1526 transivit
1089 1462 1275 1546 imperator

103 1552 229 1616 flumen
254 1570 333 1614 cum
356 1550 474 1634 paucis
498 1550 542 1613 ad
564 1549 628 1613 iila
642 1550 805 1614 viridaria
821 1570 925 1614 causa
941 1552 1152 1615 comedendi.
1192 1550 1276 1616 Erat

103 1643 193 1705 enim
217 1639 311 1703 calor
333 1639 511 1702 maximus.
558 1638 604 1702 Et
627 1643 704 1722 post
727 1640 930 1722 prandium⁰
952 1639 1048 1716 dixit,
1073 1640 1165 1723 quod
1187 1641 1276 1704 vole·

102 1730 160 1794 bat
176 1749 213 1793 se
230 1728 403 1792 balneare.
439 1727 485 1790 Et
503 1727 682 1791 descendit
704 1728 891 1812 imperator
906 1723 965 1790 ind
984 1749 1109 1812 aquam
1123 1728 1275 1794 fluminis

103 1838 179 1882 cum
202 1815 337 1881 duobus
360 1814 530 1879 militibus
554 1819 590 1880 et
614 1817 706 1900 cepit
727 1820 859 1880 natare.
905 1816 1041 1880 Natura
1070 1822 1185 1882 autem
1215 1819 1275 1881 flu·

101 1907 202 1970 minis
231 1905 332 1968 talise
366 1908 449 1982 erat,
480 1905 572 1988 quod
601 1904 717 1968 subito
748 1905 922 1969 crescebat
952 1906 1025 1969 sine
1055 1906 1183 1989 pluvia.
1229 1907 1275 1971 Et

102 1997 148 2061 sic
172 1995 293 2060 statim
308 1994 404 2058 venit
427 2013 530 2077 super
552 1993 794 2077 imperatorem
809 1994 959 2057 maxima
980 1994 1162 2058 inundatio
1186 2015 1274 2078 aque

93 2084 266 2159 fluminis,
301 2083 339 2145 in
372 2086 512 2146 tantum
546 2082 638 2165 quod
672 2082 816 2166 proiecit
851 2102 931 2146 eum
962 2076 1112 2165 absquef
1144 2084 1274 2148 virtute

101 2173 246 2237 natandi
269 2172 329 2234 ing
345 2170 495 2233 fundum
512 2171 575 2235 sub
592 2190 691 2253 aqua.
730 2170 776 2233 Et
798 2170 913 2234 factus
937 2175 989 2236 est
1011 2175 1107 2235 totus
1125 2167 1270 2256 plenus‘1

101 2254 224 2345 aqual.
272 2259 425 2324 Ourrunt
454 2259 582 2324 milites
606 2263 642 2323 et
663 2253 827 2323 trahunt¹
858 2280 936 2324 eum
959 2263 1056 2324 extra
1079 2280 1203 2343 aquam
1226 2281 1273 2325 se·

101 2351 275 2414 mivirum.
322 2348 476 2412 Veniunt
510 2349 648 2425 modici,
684 2348 820 2411 faciunt
853 2349 1088 2432 experimenta
1121 2370 1196 2427 sua,
1232 2354 1273 2414 ut

102 2430 329 2514 evacueturk;
365 2458 435 2500 non
469 2440 584 2521 potest
619 2457 709 2520 aqua
742 2437 833 2501 exire
863 2438 952 2501 sicut
982 2438 1096 2502 debet.
1149 2438 1195 2502 Et
1224 2439 1273 2503 sic

102 2528 191 2591 circa
217 2545 376 2609 vesperas
406 2529 546 2650 propter
575 2545 700 2608 aquam
729 2526 890 2603 multam,
921 2547 1025 2609 quam
1054 2527 1206 2592 habebat
1236 2529 1273 2591 in

102 2634 250 2701 corpore,
275 2614 465 2679 suffocatus
506 2618 559 2678 est
582 2619 618 2679 et
640 2615 795 2678 moritur.
842 2614 900 2679 Fit
922 2615 1083 2699 planctus
1105 2617 1272 2681 maximus

101 2705 135 2767 in
158 2705 319 2768 universo
343 2704 506 2767 exercitu.
552 2704 716 2768 Portatur
738 2724 860 2788 corpus
884 2704 956 2768 eius
979 2705 1017 2767 in
1034 2705 1209 2770 civitatem
1230 2707 1272 2770 de

101 2793 309 2876 Phalephym
332 2793 422 2876 regis
441 2792 626 2870 Arminie²‚
652 2796 687 2857 et
710 2792 759 2856 ibi
783 2794 1032 2857 condiderunt¹¹
1059 2794 1158 2870 illud,
1183 2795 1273 2858 sicut

101 2887 196 2946 mox⁰
218 2886 280 2957 est,
306 2901 385 2945 cum
409 2880 628 2944 aromatibus.
676 2881 756 2944 Dux
779 2885 896 2944 autem
912 2881 1045 2959 Suavis,
1071 2882 1163 2946 filius
1187 2883 1269 2959 eius,

101 2991 178 3034 oum
208 2970 357 3033 maxima
386 2970 530 3033 tristitia
560 2974 595 3034 et
626 2970 743 3034 dolore
773 2970 913 3034 strinxit
941 2971 1130 3034 exercitum
1156 2974 1271 3035 totum

101 3059 211 3122 simul.
259 3058 305 3121 Et
328 3077 462 3122 eramus
485 3058 522 3120 in
544 3058 668 3123 timore
690 3059 838 3123 maximo
868 3062 1009 3142 propter
1031 3059 1203 3136 barbaros,
1234 3060 1271 3123 in

99 3148 223 3231 quibus
247 3167 390 3223 eramus,
416 3152 476 3210 ucp
504 3147 533 3210 si
555 3147 762 3230 fugissemus
787 3148 829 3212 de
845 3147 963 3231 prelio.
1010 3147 1078 3212 Sed
1101 3148 1271 3233 sapientia

30 3257 31 3260 ¹
100 3238 196 3300 ducis
220 3236 257 3299 in
280 3236 425 3300 navibus
450 3239 485 3299 et
508 3236 615 3318 galeis
638 3237 794 3300 traduxit
817 3237 1006 3300 exercitum
1027 3240 1143 3301 totum
1167 3237 1270 3302 cicius

98 3345 158 3408 per
181 3324 305 3388 murel.
352 3324 399 3386 Et
422 3344 500 3388 cum
523 3345 634 3408 pauca
656 3325 823 3408 peccunia
846 3345 962 3388 sumus
990 3327 1034 3389 ad
1062 3327 1200 3410 propria
1221 3346 1271 3390 re·

97 3415 195 3490 versi,
221 3418 257 3477 et
280 3432 398 3477 omnes
413 3433 495 3497 opes
511 3413 709 3477 divisimus(¹
736 3416 792 3477 etl
820 3414 924 3478 aliam
946 3415 1092 3498 spoliam
1106 3419 1269 3479 nostram.

97 3657 119 3705 a)
133 3656 259 3706 pscifficice
273 3657 321 3699 131.
330 3658 350 3700 2.
410 3656 540 3707 Misimus
554 3656 784 3706 (habeamus)B1.2.
851 3657 990 3709 c)prad1um
1003 3660 1051 3702 ΒΞ.
1114 3657 1139 3705 d)
1152 3656 1208 3698 deest
1221 3660 1270 3702 132.

98 3713 118 3757 e)
132 3711 189 3749 deest
203 3711 252 3753 131.
261 3711 280 3754 2.
339 3708 422 3762 nobil
438 3711 487 3752 132.
540 3713 562 3759 g)
576 3715 602 3750 ut
615 3711 641 3752 A.
695 3710 883 3759 maquessls
940 3713 957 3761 i)
972 3713 1056 3763 traufit,
1073 3713 1269 3761 usxpunotoBt.

97 3763 121 3810 is)
135 3763 269 3803 sustinetur
283 3764 302 3802 B
312 3763 331 3807 2.
385 3763 401 3811 i)
415 3764 545 3803 subfocatus
559 3763 580 3802 B
589 3765 612 3813 13
628 3763 765 3803 subffocatus
779 3765 828 3807 132.
875 3766 906 3817 m)
919 3766 1039 3818 philyaphi
1052 3767 1078 3808 A.
1127 3768 1151 3814 n)
1164 3766 1195 3804 εἰσ
1208 3767 1271 3808 codd.

93 3828 138 3864 pro
153 3815 311 3858 condiverunt.
378 3818 399 3865 o)
413 3819 428 3860 ι’,
443 3828 459 3859 e.
473 3827 527 3858 mos.
599 3819 622 3865 p)
636 3816 679 3856 hac
693 3817 742 3860 111.
751 3817 771 3860 2.
842 3820 865 3867 q)
879 3817 1009 3860 diuissimus
1023 3822 1055 3871 A;
1077 3817 1200 3860 dimisimus
1214 3819 1268 3869 B13

97 3867 234 3910 dimissimus
249 3871 269 3909 B
278 3871 297 3914 2.
352 3872 371 3918 r)
385 3868 414 3909 ad
429 3871 449 3909 B
458 3871 478 3914 2.

98 4064 124 4125 1)
149 4063 260 4116 Iacobus
283 4080 377 4116 nomen
401 4066 521 4132 corrupit
547 4065 633 4130 locens
656 4063 767 4133 falephy
788 4080 841 4133 pro
863 4063 972 4133 islephy
995 4067 1149 4133 (Saturio).
1185 4067 1267 4133 Haec,

97 4151 164 4203 quae
183 4135 263 4186 Gesta
280 4151 334 4188 non
352 4136 456 4202 imunt,
475 4138 571 4203 opis'mc
588 4138 742 4188 conveniunt
759 4152 818 4188 cum
839 4136 987 4202 Tacenom'a
1004 4139 1147 4190 relatione:
1166 4137 1268 4192 exerci-

96 4210 149 4272 tus,
175 4205 223 4272 qui
246 4209 423 4274 precesserat,
449 4222 482 4259 ea
506 4205 551 4258 die
570 4249 576 4262 .
597 4248 603 4263 .
624 4247 631 4261 .
652 4206 681 4259 in
700 4207 802 4275 campis
821 4205 962 4261 Seleuciae
987 4211 1193 4261 castrametatus
1218 4212 1267 4265 est.

97 4279 124 4341 2)
148 4277 205 4329 Hoc
229 4279 370 4344 confirmi
393 4278 491 4330 Ctron.
516 4278 617 4330 Montis
639 4278 743 4347 Sereni,
770 4279 818 4332 SS.
843 4277 958 4344 XXIII,
982 4297 1011 4346 p.
1026 4281 1085 4334 162.
1176 4281 1203 4348 3)
1226 4281 1267 4344 ot.

107 4349 142 4401 Ν.
161 4348 272 4400 Archio'
289 4348 384 4414 XVII,
400 4366 430 4415 p.
442 4349 504 4404 509.

1038 4457 1054 4510 'I
