2932 4936
215 452 251 504 52
323 446 447 502 GESTA
465 446 645 502 FEDERIOI
662 445 686 503 1.
705 446 972 503 IMPERATORJS
989 447 1032 502 IN
1050 448 1291 507 LOMBARDIA.

127 647 205 700 1162.
215 635 293 715 post
308 630 437 694 multas
453 630 700 706 contentiones,
726 629 845 693 multis
863 634 898 694 et
914 632 1127 696 minantibus
1145 634 1225 697 dare
1241 637 1386 698 mortem

216 719 414 783 consulibus
445 722 481 782 et
510 718 600 793 aliis,
634 719 693 842 ‹pui
722 739 758 782 se
788 720 932 783 reddere
961 720 1162 798 nolebantr,
1194 725 1230 785 et
1261 742 1387 786 asseve-

214 808 372 872 rantibus
395 807 636 890 imperatorem
684 808 861 870 civitatem
889 808 927 870 in
950 829 1010 871 suo
1034 813 1129 872 statu
1153 810 1330 874 dimittere
1353 813 1387 874 et

214 896 443 980 possessiones
471 895 629 959 omnibus
659 895 789 959 civibus
811 896 1006 978 relinquere
1029 896 1118 961 velle
1143 931 1186 940 —-
1210 902 1246 962 et
1269 919 1387 963 verum

215 988 277 1062 est,
309 986 401 1066 quod
428 985 518 1047 hanc
542 984 757 1046 concordiam
781 983 897 1048 facere
920 988 1082 1069 poterant
1106 1020 1158 1063 —,
1188 991 1230 1051 ut
1254 1007 1289 1052 se
1314 987 1386 1052 Deo

216 1077 251 1137 et
280 1073 478 1155 imperatori
512 1072 710 1148 redderent,
747 1073 1016 1136 misericordiam
1052 1074 1095 1137 ab
1128 1095 1168 1139 eo
1199 1079 1385 1159 sperantes,

192 1205 193 1208 ,
215 1182 318 1244 quam
334 1181 451 1224 omnes
474 1161 644 1244 principes
667 1161 812 1224 firmiter
834 1162 1084 1244 promittebant
1087 1210 1362 1226 .........
1369 1169 1382 1201 ⁰

90 1273 167 1319 (aaa.
176 1274 204 1321 1).
214 1251 453 1314 Reddiderunt
477 1269 512 1312 se
537 1252 572 1311 et
596 1249 772 1312 civitatem
796 1251 833 1312 in
857 1251 996 1314 civitate
1020 1245 1172 1316 Lauded.
1219 1252 1266 1315 Et
1295 1253 1387 1316 inira

491 1403 705 1468 Codagrnelii
726 1404 893 1456 Libellus
916 1407 1110 1460 tristitiae.

214 1498 385 1562 mittendo
415 1497 448 1560 ei
478 1498 560 1560 dare
590 1497 767 1560 civitatem
790 1497 980 1561 Mediolani
1010 1498 1083 1562 sine
1114 1499 1230 1581 aliqua
1255 1503 1386 1563 contra·

215 1587 366 1650 dictione
398 1605 477 1648 cnm
505 1584 663 1649 omnibus
697 1585 895 1649 hominibus
926 1590 961 1650 et
990 1586 1092 1650 rebus
1123 1607 1188 1669 que
1220 1593 1321 1652 erant
1349 1590 1387 1651 in

214 1676 371 1751 civitate;
402 1675 495 1738 unde
525 1674 712 1757 imperator
739 1675 876 1757 gavisus
904 1674 974 1737 tuit
996 1676 1123 1756 gaudio
1147 1696 1282 1759 magno,
1314 1698 1386 1760 pro·

213 1763 384 1826 mittendo
401 1766 436 1826 et
452 1767 592 1846 pactum
608 1783 686 1826 cum
702 1783 742 1826 eo
758 1762 918 1827 faciendo
935 1765 1040 1826 dandi
1065 1765 1096 1828 ei
1120 1765 1204 1842 loca,
1231 1765 1384 1841 castella,

213 1851 313 1915 villas
338 1855 373 1914 et
396 1851 598 1934 peccuniam
620 1851 802 1913 infinitam.
851 1850 926 1929 Quo
949 1852 1044 1915 facto
1067 1853 1268 1936 imperatori
1288 1855 1385 1928 dixit,

214 1941 305 2023 quod
328 1961 399 2002 non
421 1938 597 2003 habebant
620 1939 785 2003 victualia
807 1961 916 2022 usque
932 1941 977 2003 ad
993 1942 1111 2005 decem
1128 1942 1209 2017 dies,
1235 1946 1271 2007 et
1295 1945 1387 2025 quod

212 2050 283 2092 non
313 2028 498 2103 durabunt,
530 2029 622 2110 quod
652 2049 722 2090 non
751 2030 901 2091 reddant
929 2049 964 2092 se
993 2029 1108 2093 saltim
1132 2031 1176 2094 ad
1199 2033 1381 2095 undecim⁰

214 2118 302 2193 dies;
328 2120 363 2180 et
386 2117 586 2199 imperatori
609 2117 760 2199 porrexit
775 2115 943 2194 libellum,
967 2119 1005 2180 in
1020 2139 1088 2200 quo
1103 2113 1292 2202 scriptumf
1312 2125 1386 2183 erat

213 2207 328 2269 omnia
350 2205 516 2268 victualia
539 2208 575 2268 et
597 2206 738 2268 nomina
762 2205 897 2268 civium.
944 2206 1143 2270 Affectabat
1167 2209 1259 2271 enim
1283 2229 1386 2291 super

214 2293 290 2358 aliis
319 2295 421 2358 rebus
452 2294 628 2357 civitatem
651 2293 840 2356 Mediolani
870 2315 891 2356 a
920 2288 1027 2357 soliof
1062 2296 1238 2359 destruere
1266 2300 1303 2360 et
1332 2298 1386 2361 de·

212 2383 318 2446 leress.
364 2383 511 2446 Interim
534 2382 713 2445 venientes
744 2386 824 2446 ante
853 2403 950 2445 suam
973 2384 1181 2467 presentiam
1206 2404 1318 2449 comes
1343 2386 1385 2448 de

213 2471 385 2534 Blandate
409 2475 445 2534 et
468 2470 560 2546 socii,
593 2471 746 2534 dicentes
769 2491 890 2553 pacem
914 2475 949 2535 et
972 2472 1190 2535 concordiam
1216 2476 1386 2537 statutam

213 2560 257 2622 ad
280 2559 385 2622 finem
407 2558 594 2641 perducere
613 2557 711 2634 velle,
736 2560 922 2642 imperator
946 2561 1033 2623 dixit
1057 2561 1114 2637 eis,
1138 2565 1180 2624 ut
1203 2562 1271 2625 cito
1295 2581 1383 2625 rece-

213 2649 293 2710 dere
324 2646 506 2722 deberent;
542 2649 577 2709 et
607 2647 635 2709 si
665 2668 796 2710 moram
826 2648 978 2730 aliquam
1006 2649 1055 2712 ibi
1085 2649 1255 2726 facerent,
1291 2651 1385 2732 quod

212 2735 344 2799 faceret
372 2755 429 2798 eos
459 2735 631 2817 suspendi.
680 2735 758 2799 ‘Sed
781 2737 810 2798 si
832 2736 955 2799 volunt
978 2730 1036 2801 seh
1062 2738 1205 2801 reddere
1228 2738 1301 2802 sine
1325 2738 1385 2801 ali-

213 2845 280 2906 qua
305 2823 501 2887 conditione
524 2824 561 2885 in
576 2843 653 2886 mea
668 2825 807 2899 virtute,
831 2826 995 2909 recipiam
1011 2826 1088 2890 eos’.
1124 2826 1225 2890 Unde
1242 2827 1384 2890 comites

214 2916 249 2976 et
278 2912 493 2975 marchiones
524 2915 560 2975 et
589 2905 727 2975 baronii
766 2917 802 2975 et
832 2915 1080 2997 archiepiscopi
1109 2918 1144 2978 et
1168 2915 1319 2998 episcopi
1349 2918 1385 2979 et

213 3001 356 3066 abbates
374 3001 545 3064 dederunt
560 3001 762 3064 conscilium
787 3002 844 3077 eis,
869 3006 910 3064 ut
934 3002 1100 3066 deberent
1122 3023 1158 3066 se
1181 3004 1324 3067 reddere
1348 3005 1384 3066 in

212 3093 385 3172 potestate
408 3090 632 3172 imperatoris,
658 3091 909 3172 promittentes,
934 3092 1026 3172 quod
1048 3091 1145 3154 nullo
1161 3093 1262 3154 modo
1286 3092 1384 3155 susti-

212 3181 335 3242 nerent
358 3179 600 3261 imperatorem
623 3179 800 3242 civitatem
820 3180 996 3243 destruere
1019 3200 1083 3244 nec
1106 3180 1246 3262 aliquod
1270 3181 1385 3264 damp-

212 3287 297 3327 num
324 3285 385 3328 seu
412 3286 596 3348 gravamen
620 3267 751 3329 civibus
775 3268 811 3328 in
835 3267 936 3330 rebus
960 3272 996 3331 et
1018 3269 1171 3351 personis
1195 3288 1314 3331 eorum
1337 3269 1385 3331 in·

213 3353 313 3430 ferre,
343 3357 378 3417 eli
400 3358 441 3416 ul}
468 3365 684 3419 misericordiam
710 3366 743 3419 ab
769 3367 992 3434 imperatore
1018 3371 1276 3436 expectarent,
1302 3385 1386 3435 quam

214 3470 308 3506 omnes
326 3453 463 3521 principes
487 3455 537 3507 eis
555 3454 793 3523 promiserunt3
819 3443 879 3506 sed
902 3443 991 3506 falso
1016 3443 1206 3507 consciliati
1229 3444 1384 3508 fuerunt.

213 3529 354 3593 Reversi
377 3534 459 3592 sunt
476 3551 624 3612 namque
640 3531 787 3614 predicti
810 3532 1029 3612 inquisitores
1046 3533 1138 3615 pacis
1154 3533 1191 3594 in
1208 3533 1385 3597 civitatem

214 3617 380 3695 dolentes
404 3622 581 3701 gementes
598 3622 633 3682 et
648 3618 780 3694 fientes,
803 3620 917 3682 omnia
932 3639 994 3702 per
1010 3620 1163 3683 ordinem
1180 3622 1384 3703 aperientes.

214 3706 343 3770 Verum
359 3708 439 3789 quia
453 3707 619 3770 victualia
642 3707 690 3770 eis
715 3707 929 3782 deficiebant,
956 3711 991 3772 et
1008 3708 1153 3790 amplius
1168 3708 1266 3772 nullo
1282 3711 1386 3773 modo

214 3795 357 3859 sufferre
380 3799 549 3878 poterant,
579 3796 700 3858 habito
724 3795 886 3859 conscilio
911 3799 946 3859 et
969 3817 1073 3859 suasu
1095 3797 1290 3880 principum
1311 3801 1386 3861 tam

215 3883 416 3946 clericorum
440 3903 543 3965 quam
565 3883 740 3967 laycorum
764 3885 857 3947 curie
877 3885 1103 3967 imperatoris,
1128 3889 1326 3948 statuerunt
1350 3890 1386 3949 et

214 3975 466 4054 proposuerunt
497 3973 640 4037 reddere
671 3992 706 4036 se
737 3975 773 4035 et
803 3973 978 4036 civitatem
1014 3974 1139 4036 domno
1174 3974 1384 4056 imperatori,

215 4064 392 4141 sperantes
422 4064 458 4124 et
488 4061 631 4124 firmiter
662 4060 840 4125 credentes
872 4062 1140 4126 misericordiam
1168 4062 1212 4125 ab
1241 4081 1281 4124 eo
1310 4062 1386 4127 iore

215 4152 468 4213 consecuturos.

214 4321 236 4366 a)
250 4319 357 4358 volebant
370 4321 398 4369 A,
418 4331 475 4363 corr.
489 4321 571 4363 Murar.
631 4322 654 4370 b)
668 4322 804 4371 imperatore
818 4323 844 4364 Α.
906 4324 927 4369 c)
940 4323 1018 4360 iterum
1032 4322 1138 4370 quaedem
1151 4322 1254 4360 extitisse
1264 4326 1335 4372 putet,
1349 4324 1387 4362 sed

215 4371 277 4409 „ara
290 4373 370 4410 rauna
384 4374 406 4410 a
420 4374 446 4415 A.
509 4372 532 4421 d)
546 4379 573 4413 ur
587 4374 645 4424 aaa,
663 4376 700 4414 ces
714 4376 755 4416 cer.
769 4377 795 4418 A.
860 4378 881 4422 e)
895 4373 1024 4424 quindecim
1038 4376 1063 4416 Ρ.
1125 4375 1188 4422 eae
1200 4375 1261 4418 rsP.
1325 4378 1348 4425 s)
1364 4381 1388 4416 a

215 4422 258 4466 dcl.
274 4435 314 4467 om.
328 4426 356 4470 Β,
370 4427 440 4474 suppl.
455 4436 482 4464 ec
495 4427 519 4469 P.
573 4427 597 4475 h)
611 4428 667 4466 deest
680 4429 707 4478 B,
722 4430 792 4476 suppl.
807 4438 834 4466 ex
847 4429 872 4470 P.
926 4428 942 4475 i)
956 4430 985 4475 ct.
999 4439 1068 4476 aqrra
1078 4439 1102 4476 p.
1111 4429 1145 4477 41,
1161 4439 1181 4471 u,
1191 4439 1211 4476 g.
