2932 4936
241 393 365 450 Gnsrn
383 393 604 449 1555111511.
622 393 888 450 IMPERATORIS
906 393 949 448 IN
966 392 1206 450 LOMBARDIA.
1297 397 1313 450 7

253 574 379 641 Codicis
407 575 568 640 Ilonliani
601 576 818 658 apopraplnrn
850 576 934 642 illud
965 598 1086 658 recens,
1122 597 1182 658 555
1216 576 1313 642 Gesta

142 663 290 729 Federiei
312 662 350 728 in
371 663 569 729 Lornbordio
591 670 620 729 et
647 664 745 730 Gesta
767 664 916 730 Federiei
943 665 980 731 in
1003 664 1196 746 expeditione
1218 685 1313 731 sacra

142 760 171 817 et
192 758 283 817 notae
307 774 337 815 a.
357 758 452 816 1201.
479 759 574 816 1202.
601 753 714 818 1230.1
737 753 944 836 eontinentur,
969 775 1054 819 nune
1076 760 1221 818 seruatur

248 843 297 924 A)
332 840 369 905 in
403 840 587 907 bibliotheca
620 841 710 924 repio
741 842 1049 908 Mediolanensi
1082 842 1207 907 Brerae
1236 843 1312 907 AF.

143 937 172 993 9.
198 936 255 1011 30,
287 930 401 1011 ciart,
436 951 516 995 saec.
544 931 580 994 X
587 931 690 996 VII.2
718 953 740 995 5
768 930 901 996 librario
937 933 1073 1013 quadarn
1107 951 1172 995 non
1200 930 1313 1011 551555

141 1018 221 1083 satis
236 1017 404 1101 perspicue
426 1018 586 1101 scripturn,
611 1022 695 1100 qnod
715 1040 781 1084 non
796 1019 914 1101 paucis
935 1019 1023 1085 oitiis
1045 1020 1178 1084 laborat.
1226 1020 1312 1084 Non·

141 1128 305 1188 nunquan
334 1106 419 1171 enirn
448 1106 622 1189 compluria
650 1108 745 1172 aerbo
775 1107 892 1173 5151555
917 1115 1000 1190 sunt,
1031 1107 1165 1173 librario
1195 1107 1314 1173 lineanr

142 1195 339 1260 transiliente
353 1196 402 1260 ael
417 1217 438 1259 a
449 1197 540 1260 uerbo
552 1199 688 1276 quadarn
703 1199 748 1261 ad
761 1196 845 1261 idern
855 1197 949 1276 infra
959 1196 1124 1278 repetitura
1135 1199 1311 1277 aberrante,

142 1291 189 1349 ter
203 1284 299 1349 etiarn
315 1285 417 1365 plura
439 1284 621 1350 eacidernnt
645 1281 717 1362 (sub
740 1307 770 1348 a.
787 1291 882 1349 1162.
899 1292 928 1350 et
945 1288 1057 1369 1177),
1081 1285 1221 1364 forsitan
1236 1284 1313 1366 quia

142 1374 217 1438 lroec
241 1376 362 1437 detersa
384 1373 433 1437 nel
454 1373 584 1437 inruere
607 1380 755 1455 corrupta
778 1396 799 1437 o
822 1373 955 1438 librario
984 1373 1045 1456 lepi
1073 1373 1311 1455 5555555513,

142 1468 280 1526 adornen
304 1462 437 1526 lacunae
460 1482 525 1526 non
546 1461 707 1527 indicatae
730 1469 812 1527 sunt.
859 1463 968 1527 Multo
991 1461 1087 1528 etiarn
1108 1462 1190 1526 rnale
1213 1462 1313 1527 lecta4

142 1557 171 1613 et
192 1551 274 1614 orale
296 1549 415 1630 scrr'pta
436 1557 511 1615 sunt
520 1551 540 1632 ⁵,
571 1552 627 1616 sed
653 1551 766 1615 1551515
795 1554 979 1616 rnendorune
1007 1551 1107 1615 nnita
1129 1550 1195 1615 iarn
1218 1553 1313 1615 eaden

142 1637 326 1702 Ronlionns
348 1638 466 1718 nacon,
496 1646 532 1703 nt
553 1660 591 1703 erc
614 1660 647 1704 eo
664 1646 762 1721 patet,
791 1643 875 1721 qnod
899 1639 1070 1705 Tristanns
1097 1638 1312 1705 0515555511-

142 1726 260 1807 anoties
289 1727 420 1791 nornine
449 1729 587 1792 locorurn
616 1729 664 1792 ael
683 1749 898 1810 personatam
925 1731 1029 1793 eaden
1051 1731 1142 1792 rnoolo
1165 1734 1313 1808 corrupto

135 1817 295 1897 praebetss.
347 1815 435 1880 Aliis
469 1823 574 1881 autern
607 1816 696 1898 locis,
732 1817 845 1899 onibus
879 1820 974 1882 coden
1003 1817 1035 1881 Α
1068 1819 1183 1881 nenda
1211 1817 1311 1897 latet,

147 1904 281 1970 Galclens
304 1904 428 1969 odilla
451 1905 638 1987 corripenda
667 1906 756 1986 facit,
786 1927 856 1971 carn
884 1913 987 1971 rectas
1016 1905 1131 1971 codicis
1153 1905 1313 1970 Ranliani

142 1993 294 2073 lectiones,
312 1993 504 2074 praesertin
525 1994 679 2059 nonina⁷
701 1995 822 2059 tabeat.
871 1996 974 2061 Verba
990 1994 1134 2077 partirn⁸
1156 1993 1194 2058 in
1216 2015 1312 2058 enen·

135 2081 227 2162 plari
260 2081 385 2146 Brerae
418 2103 503 2147 rnore
532 2082 770 2148 Latinistarnrn
803 2105 884 2148 saec.
914 2084 950 2147 X
957 2084 1042 2164 VII,
1071 2082 1195 2165 partin
1228 2103 1313 2146 inore

140 2171 298 2234 Italorum
313 2191 393 2235 saec.
413 2171 520 2234 XIII
531 2193 578 2235 en.
595 2177 623 2236 et
640 2172 742 2236 XIV.
767 2172 886 2253 scripta
908 2178 991 2252 sunt,
1016 2192 1149 2252 quarunt
1171 2171 1312 2252 enenplo

139 2259 196 2323 laoe
220 2260 284 2323 loco
307 2259 503 2339 subnotoei9,
528 2259 665 2341 sinpcclis
687 2260 763 2324 loeis
785 2260 903 2339 afferre
925 2260 1023 2325 nolui.

246 2348 300 2411 En
331 2348 388 2412 icoc
418 2348 520 2413 codice
542 2349 672 2430 prirnns
699 2350 740 2412 L.
763 2349 807 2413 A.
830 2348 1043 2429 Muratorins,
1075 2348 1134 2413 SS.
1159 2347 1201 2411 R.
1233 2348 1309 2411 Ital.

147 2436 205 2516 VI,
229 2437 285 2500 col.
305 2443 389 2499 1173
412 2457 478 2517 sqq.
502 2459 533 2501 a.
553 2443 648 2501 1726.
672 2437 788 2502 librnrn
804 2437 998 2518 inscription
1028 2439 1101 2503 Sira
1125 2438 1216 2501 Raul
1239 2438 1310 2501 sive

139 2525 316 2609 Radulphi
326 2525 352 2565 ¹⁰
368 2526 637 2592 Mediolanensis
653 2528 803 2592 auctoris
819 2529 1003 2612 synchroni
1020 2527 1180 2592 derebus
1204 2526 1310 2608 gestis

141 2734 325 2799 5115515
346 2737 465 2801 seqnitur
483 2737 594 2802 epistola
612 2736 767 2788 Alexandri
786 2753 876 2804 papae
900 2753 933 2788 en
951 2736 1059 2801 Calfari
1076 2737 1147 2790 Ann.
1166 2735 1236 2801 Ian,
1262 2735 1310 2789 SS.

140 2804 250 2869 XVIII,
268 2823 296 2872 p.
310 2808 345 2860 28
357 2823 403 2872 sq,
423 2808 563 2874 descripta.
636 2807 664 2874 2)
681 2808 825 2874 Inscriptio
845 2809 911 2858 libri
927 2806 1050 2858 Historia
1067 2804 1128 2859 Sira
1139 2805 1213 2858 Raul
1231 2822 1311 2857 suum

139 2879 302 2943 temporum.
328 2874 430 2944 Incipit
443 2877 477 2928 ab
488 2893 560 2929 511115
571 2881 648 2933 1154.
659 2895 744 2944 usque
755 2878 877 2934 551200.
892 2885 930 2930 est
942 2879 1020 2930 stulti
1030 2879 1131 2930 scribae
1142 2893 1207 2931 saec.
1215 2877 1246 2928 Χ
1248 2877 1309 2942 VII,

140 2963 192 3012 qua
217 2948 290 2998 nenti
310 2949 427 3014 probari
447 2956 539 3015 potest.
637 2951 663 3016 3)
682 2950 795 3001 Minime
813 2951 907 3014 folium
927 2951 1022 3001 codicis
1040 2949 1175 3000 Rauliani
1195 2949 1311 2998 entisnrn

140 3019 202 3081 fuit,
222 3024 252 3068 ut
267 3024 347 3084 putat
363 3019 401 3071 W.
421 3019 452 3068 de
472 3019 634 3070 Giesebreelrt
653 3021 670 3074 l.
685 3021 702 3074 i.
718 3039 747 3088 p.
760 3023 821 3086 362,
841 3037 905 3072 nane
923 3036 989 3086 quae
1007 3021 1055 3071 sub
1073 3021 1192 3072 51162.
1211 3018 1312 3069 555555

141 3089 203 3140 locis
220 3091 318 3140 ornissa
336 3094 399 3140 sunt
416 3105 468 3139 non
487 3096 563 3141 tanta
581 3090 664 3154 fuisse
682 3098 803 3157 apparet,
829 3097 860 3142 ut
884 3093 920 3142 iis
944 3092 1041 3155 faliunt
1065 3091 1145 3141 etiam
1170 3090 1312 3139 minimum

140 3160 276 3226 inpleturn
294 3175 347 3211 esse
361 3161 487 3227 potuerit.
548 3159 575 3225 4)
591 3161 624 3212 Ut
641 3160 713 3228 ipsos
732 3177 794 3212 suos
810 3177 862 3228 pro
880 3163 1087 3228 preposuerunt,
1107 3159 1141 3211 ds
1154 3157 1312 3211 Sarachlavi

137 3246 190 3297 pro
214 3229 248 3282 de
273 3229 339 3282 foris
364 3235 392 3283 et
417 3231 533 3296 blavam,
558 3231 655 3283 tributi
673 3248 689 3282 a
706 3231 837 3299 pallatino
856 3247 908 3299 pro
926 3231 1045 3284 trabium
1063 3230 1099 3282 ad
1116 3230 1248 3298 palatium
1266 3237 1310 3284 ete.

140 3302 167 3367 5)
184 3302 277 3352 Etiam
296 3302 367 3365 falso
379 3304 520 3354 coniectata
532 3310 681 3369 occurrunt,
701 3310 731 3354 ut
749 3304 798 3355 snb
814 3320 840 3357 a.
853 3305 929 3367 1155,
949 3304 996 3354 ubi
1008 3304 1144 3368 lependurn
1161 3309 1199 3352 est
1216 3299 1311 3352 Militi-

140 3371 191 3423 bus
211 3413 258 3426 ...
277 3371 390 3424 istarum
410 3375 559 3440 portarurn,
578 3375 695 3426 uidelicet
712 3376 911 3441 quarteriorum
927 3375 1174 3438 Mediolanensium,
1194 3374 1273 3424 eaden
1285 3374 1311 3424 A

140 3443 209 3493 51515
221 3444 313 3495 halet:
332 3441 496 3496 Custodibus
510 3486 516 3498 .
528 3487 533 3499 .
545 3487 551 3499 .
564 3443 678 3496 istarum
690 3448 840 3512 portarum.
896 3445 922 3512 6)
943 3445 976 3497 Ut
993 3452 1101 3511 uterque
1112 3442 1245 3496 Garlimia
1260 3458 1312 3510 pro

141 3513 279 3565 Garbania
303 3515 343 3566 ael
365 3513 530 3583 Garbagnia,
555 3514 699 3584 Azarengo
721 3531 774 3584 pro
798 3515 923 3585 Zarengo
948 3523 993 3570 etc.
1029 3517 1080 3567 Bis
1103 3517 1194 3568 eadem
1218 3516 1312 3566 desunt

140 3587 251 3637 nomina
265 3601 444 3652 personarnrn
462 3587 536 3653 apud
555 3587 690 3653 Colchum,
715 3589 829 3654 quaein
847 3589 900 3642 cod.
920 3588 945 3638 A
963 3589 1061 3639 omissa
1079 3593 1149 3641 sunt.
1223 3585 1249 3652 7)
1266 3586 1311 3637 Ad

140 3657 245 3721 reliqna
263 3658 427 3708 emendanda
442 3675 543 3724 parurn
561 3659 649 3724 affert,
669 3675 728 3710 enne
746 3674 798 3710 555
817 3659 959 3710 annalium
976 3658 1054 3710 rerba
1071 3659 1247 3724 descripserit,
1267 3657 1311 3707 sed

138 3728 225 3794 polita
245 3728 295 3777 illo
314 3744 344 3778 ao
359 3730 459 3795 putida
478 3730 611 3781 latinitate
630 3730 803 3782 Ciceroniana
824 3732 869 3781 sui
886 3731 1012 3796 ternporis
1029 3745 1094 3780 usus
1112 3730 1155 3782 sit.
1227 3728 1254 3793 8)
1278 3728 1312 3779 Ut

141 3798 218 3849 semel
234 3797 373 3865 lachrime,
393 3798 520 3852 edificare
538 3807 562 3851 et
579 3799 752 3853 hebdomada
767 3816 821 3868 pro
835 3799 982 3852 hedificare
1000 3807 1025 3852 et
1042 3797 1202 3864 ebdomada,
1220 3797 1311 3850 hieme

139 3883 192 3936 pro
215 3885 302 3935 yeme,
328 3868 440 3924 Octobr.
456 3886 508 3938 pro
527 3868 639 3926 Octubr.
683 3873 773 3938 Saepe,
796 3874 957 3938 praesertim
981 3873 1009 3922 in
1033 3872 1107 3923 exitu
1129 3885 1226 3934 555515,
1248 3885 1312 3936 per·

141 3954 208 3991 raro
221 3942 251 3990 in
263 3941 1310 4009 5151155555555155155,5555151151151515555.ΧΙΙ.15.51551115,

141 4026 205 4064 saec.
220 4011 302 4064 XIII.
316 4018 340 4063 et
351 4013 429 4066 XIV.
443 4013 478 4064 ab
489 4014 609 4064 erunibus
623 4028 676 4081 pra
688 4028 720 4066 55
732 4013 902 4079 scribebatur,
922 4016 1074 4065 restitutum
1091 4019 1135 4066 est.
1191 4012 1218 4077 9)
1229 4012 1312 4078 Saepe

142 4083 245 4133 litterae
269 4090 450 4149 consonantes,
475 4086 635 4150 praesertin
660 4085 777 4151 liquidae
801 4100 873 4136 inore
891 4084 986 4136 Italico
1010 4085 1161 4150 duplicatae
1185 4088 1256 4148 sunt,
1281 4088 1312 4132 ut

142 4151 260 4220 elligere,
286 4153 401 4220 allectio,
423 4153 541 4220 millites,
566 4154 714 4220 kallendas,
739 4154 914 4220 mellioribus,
939 4154 1052 4220 dollore,
1076 4152 1239 4218 mobillibus,
1264 4150 1311 4204 de-

141 4223 226 4288 libes,
253 4224 375 4291 consulti,
402 4225 567 4290 comittibus,
590 4242 738 4294 eggressus,
758 4225 853 4292 missit,
872 4227 916 4278 sed
933 4224 1061 4292 posessi0.
1153 4224 1197 4291 10)
1214 4226 1251 4275 At
1268 4225 1311 4275 in·

141 4297 282 4361 scriptione
307 4312 392 4362 supra
414 4314 442 4365 p.
463 4299 488 4362 6,
514 4314 540 4351 n.
560 4300 585 4352 5.
610 4298 723 4349 laudata
747 4299 895 4350 astereditnr
918 4295 991 4350 Raul
1014 4312 1107 4348 551115
1129 4298 1227 4362 pontis,
1258 4309 1311 4346 555

138 4381 300 4432 praenomen
317 4367 551 4434 Franeopollicunr
570 4384 603 4420 ea·
620 4369 742 4433 liedulfo
759 4369 876 4433 effectum
894 4365 984 4420 Raoul
1001 4383 1062 4421 esse.
