2932 4936
212 479 337 535 GMSTA
356 479 535 534 FEDERIOI
552 479 576 537 Ι.
594 479 861 536 IlanRATORIs
879 479 922 534 IN
940 479 1178 535 LOMBARDIA.
1252 483 1286 536 15

114 664 374 728 succedentium
397 667 554 728 versatur
576 662 721 740 utilitas,
747 683 825 726 cum
850 684 891 727 ex
913 662 1178 746 precedentibus
1202 663 1286 726 didi·

115 753 225 817 cerint
240 753 361 816 futura
377 757 531 816 caverest.
579 751 755 834 Siquidem
780 751 927 834 diligens
951 752 1070 828 lector,
1095 745 1143 815 sib
1164 771 1205 815 ea
1220 771 1286 833 que

114 842 243 925 scripta
271 841 443 906 invenerit
471 844 606 905 attente
636 841 856 924 prospexerit,
886 860 930 904 ne
954 840 1110 922 quando⁰
1139 841 1176 902 in
1198 839 1286 903 simi-

114 930 184 994 lem
206 930 338 994 incidat
360 931 539 1005 iacturam,
563 929 674 993 vitare
698 928 843 992 curabit.
882 929 1007 993 Misere
1022 929 1140 1011 itaque
1156 929 1287 1011 Longo-

346 1118 387 1172 De
405 1117 628 1171 rehedificatione
654 1117 736 1171 castri
760 1117 794 1170 de
813 1117 938 1171 Lemello
957 1134 973 1170 a
990 1116 1241 1171 Mediolanensibus
1259 1121 1288 1171 et

275 1190 358 1260 ipsius
376 1190 431 1243 loci
447 1189 640 1244 mantenendo.

346 1260 388 1313 De
407 1260 526 1313 adventu
544 1257 716 1328 imperatoris
735 1259 855 1311 secunda
872 1259 932 1312 viee
950 1258 979 1311 in
997 1257 1192 1312 Lonbardiam.

347 1331 388 1384 De
406 1331 499 1399 preliis
517 1330 609 1383 multis
622 1329 700 1383 factis
714 1330 787 1382 circa
798 1328 987 1383 Mediolanum
999 1347 1015 1382 a
1027 1329 1287 1386 Mediolanensibus.

346 1400 388 1455 De
406 1402 547 1455 obsidione
565 1401 638 1454 facta
657 1401 691 1454 ab
709 1401 875 1468 imperatore
894 1404 921 1454 et
939 1400 997 1454 fere
1010 1401 1044 1454 ab
1057 1401 1184 1454 omnibus
1195 1401 1287 1454 militi-

275 1474 326 1527 bus
352 1477 380 1526 et
403 1473 541 1542 peditibus
564 1472 706 1526 civitatum
724 1475 752 1525 et
770 1472 894 1526 locorum
912 1471 1069 1526 Lonbardie
1091 1473 1164 1526 circa
1181 1472 1288 1527 Medio·

276 1545 378 1599 lanum.

346 1614 388 1668 De
406 1613 498 1683 preliis
516 1613 767 1682 innumerabilibus,
793 1613 936 1667 tormentis
955 1617 983 1668 et
1000 1614 1139 1668 laboribus
1162 1614 1241 1668 lactis
1258 1614 1288 1667 in

275 1686 334 1754 ipsa
352 1685 501 1740 obsidione.
1294 1705 1297 1711 ’

347 1756 388 1811 De
406 1773 474 1825 pace
493 1759 521 1808 et
538 1755 685 1809 concordia
709 1755 783 1809 facta
806 1756 880 1827 inter
896 1755 1090 1824 imperatorem
1109 1759 1138 1810 et
1155 1756 1287 1811 Mediola-

276 1844 373 1881 nenses
391 1828 421 1881 in
439 1828 497 1895 ipsa
516 1827 665 1882 obsidione.

346 1899 389 1952 De
408 1898 549 1952 obsidione
562 1897 659 1951 (lreme
678 1898 713 1951 ab
731 1897 896 1965 imperatore
915 1897 951 1950 ad
968 1897 1109 1952 inductam
1122 1897 1287 1953 Cremonen·

277 1969 346 2022 sium
365 1974 461 2023 eontra
478 1971 647 2023 voluntatem
665 1967 920 2024 Mediolanensium.

347 2040 389 2093 De
407 2040 545 2094 laboribus
563 2040 642 2093 factis
660 2039 767 2108 inipso
785 2040 846 2093 loco
865 2056 881 2092 a
898 2038 1157 2095 Mediolanensibus.

347 2111 389 2165 De
407 2111 490 2180 ipsius
508 2111 562 2165 loci
581 2110 680 2164 Creme
697 2110 832 2164 reditione
849 2110 1016 2178 imperatori.

349 2182 390 2235 De
408 2199 493 2250 guera
510 2182 611 2234 iterum
628 2182 739 2249 incepta
757 2182 791 2235 ab
808 2181 981 2249 imperatore.

349 2252 390 2306 De
409 2253 550 2306 obsidione
568 2252 641 2306 faeta
659 2269 676 2304 a
687 2251 938 2305 Mediolanensibus
957 2251 1030 2305 circa
1042 2254 1161 2304 castrum
1174 2250 1288 2306 Ocreani

278 2327 306 2377 et
324 2323 449 2377 debello
467 2323 540 2376 facto
558 2326 624 2376 tunc
642 2323 927 2391 inter'imperatorem
946 2325 974 2376 et
990 2322 1217 2379 Mediolanenses.

348 2394 390 2448 De
409 2395 545 2464 segetibus
564 2397 593 2447 et
609 2393 792 2464 leguminibus
811 2397 839 2447 et
856 2392 982 2447 viendis(l
998 2397 1026 2447 et
1037 2393 1122 2447 vineis
1141 2393 1288 2464 guastatis¹

279 2465 312 2519 ab
330 2465 496 2534 imperatore
514 2465 543 2517 in
561 2469 636 2518 terra
653 2464 804 2518 Mediolani
822 2467 850 2518 et
868 2464 941 2518 circa
959 2465 1105 2518 civitatem.

348 2536 390 2590 De
409 2537 549 2590 doloribus
567 2540 595 2590 et
612 2536 751 2589 laboribus
768 2536 868 2589 habitis
887 2535 1165 2590 aMediolanensibus
1182 2536 1212 2589 in
1229 2535 1288 2604 ipsa

278 2607 427 2663 obsidione.

347 2678 389 2732 De
407 2679 476 2731 urbe
494 2677 645 2731 Mediolani
662 2677 769 2731 reddita
786 2677 953 2746 imperatori.

331 2748 390 2803 *De
407 2749 563 2818 proditione
582 2749 735 2817 aquodam
754 2749 865 2803 concive
884 2748 1035 2804 Mediolani
1052 2749 1171 2803 Iordane
1191 2749 1385 2814 Scaea-*pecu

278 2820 386 2874 baronio
404 2820 514 2873 nomine
532 2820 613 2876 lacta.

276 2961 290 3014 f
347 2891 390 2991 120
408 2891 592 2945 destructione
611 2890 738 2944 Terdone
757 2907 773 2943 a
792 2889 971 2959 Papiensibus
998 2891 1098 2944 auxilio
1116 2891 1288 2959 imperatoris

289 2964 350 3014 acta
369 3004 376 3018 .

348 3031 389 3085 De
408 3031 512 3086 civibus
530 3031 680 3085 Mediolani
704 3031 922 3099 relinquentibus
945 3031 1083 3085 civitatem
1102 3035 1131 3086 et
1147 3032 1241 3100 positis
1260 3032 1288 3085 in

276 3103 378 3158 burcis.

328 3146 389 3227 bDe
408 3172 517 3227 civitate
536 3172 609 3241 apud
627 3171 759 3225 Sanctum
778 3171 978 3225 Columbanum
996 3172 1076 3228 facta.

347 3244 389 3298 De
408 3244 596 3297 coniuratione
614 3243 687 3296 facta
704 3243 733 3295 in
751 3243 874 3296 marchia
892 3247 988 3296 contra
1005 3244 1207 3312 imperatorem.

347 3315 388 3369 De
406 3314 629 3369 rehedificatione
648 3314 775 3368 Terdone
794 3331 810 3366 a
828 3313 996 3368 Placentinis
1015 3319 1043 3369 et
1062 3314 1182 3370 Obizone
1201 3315 1287 3368 Mala-

307 3387 354 3440 ina
362 3386 380 3443 ⁸.

276 3404 307 3456 Hp
347 3457 388 3511 De
407 3455 630 3510 rehedificatione
649 3456 764 3510 civitatis
783 3455 942 3511 Mediolani.

347 3528 389 3581 De
408 3527 527 3581 adventu
544 3527 717 3596 imperatoris
735 3528 762 3580 in
781 3527 977 3583 Lonbardiam.

346 3598 389 3652 De
408 3598 549 3652 obsidione
569 3598 746 3653 Alexandrie.

275 3740 294 3793 b
327 3669 389 3792 dDe
406 3686 475 3738 pace
497 3670 570 3723 facta
592 3670 666 3739 apud
684 3669 834 3740 (lastigium
859 3669 932 3723 inter
955 3670 1150 3738 imperatorem
1169 3673 1197 3723 et
1214 3669 1287 3723 Lon-

296 3757 326 3793 ar
346 3757 384 3795 os.

347 3810 389 3864 De
407 3811 494 3879 prelio
513 3809 547 3864 de
561 3808 693 3881 Legnano
711 3811 784 3864 inter
801 3811 995 3879 imperatorem
1014 3814 1042 3864 et
1059 3810 1286 3875 Mediolanenses.

321 3881 389 4006 LDe
406 3898 475 3950 pace
497 3881 570 3934 facta
591 3899 642 3950 per
659 3882 848 3936 Alexandrum
873 3899 974 3951 papam
998 3882 1071 3935 inter
1094 3882 1287 3951 imperatorem

276 3956 304 4006 et
347 3953 491 4007 onbardos.

115 4150 138 4193 a)
153 4145 215 4186 dicei
230 4139 294 4188 nocil
307 4159 384 4188 carere
398 4149 424 4190 B.
479 4149 501 4196 b)
515 4148 571 4186 deest
585 4149 611 4190 Α,
666 4151 686 4195 c)
701 4147 836 4198 quandoque
850 4149 876 4190 B.
930 4146 953 4195 d)
967 4149 1090 4196 emendaoi,·
1104 4147 1201 4187 numidis
1215 4149 1241 4190 B.

119 4308 145 4373 1)
161 4307 196 4358 Ia
214 4310 273 4374 ipso
292 4308 361 4360 libro
380 4308 470 4360 blavae
488 4314 592 4358 tantum
611 4309 760 4359 devastatae
778 4324 830 4359 esse
848 4309 982 4362 dicaretur.
1055 4307 1083 4374 2)
1093 4308 1165 4358 Haec
1177 4310 1207 4358 in
1220 4308 1288 4359 libro

116 4385 235 4429 slawata
247 4385 310 4430 sunt
319 4386 381 4446 post
392 4396 423 4432 aa
435 4395 502 4445 quae
513 4380 630 4445 sequenti
640 4385 797 4444 arqumeato
808 4380 973 4432 indicantur.
1042 4378 1069 4444 3)
1079 4379 1152 4430 Haec
1164 4378 1289 4443 loquatur·

116 4451 147 4499 ia
165 4449 233 4500 libro
248 4456 309 4516 post
327 4466 358 4502 ea
377 4466 443 4516 quae
460 4450 624 4516 sequentius
641 4450 742 4502 duobus
759 4451 925 4515 ornamentis
941 4450 1105 4504 indicantur.
