2932 4936
200 444 234 498 56
307 439 432 495 GESTA
450 437 631 493 PEDERIOI
649 437 672 494 I.
691 436 957 493 IMPERATORIS
976 437 1019 492 IN
1036 436 1276 494 LOMBARDIA.

113 639 191 692 1163.
202 627 319 708 captos
355 622 478 704 coegit.
536 620 723 703 Magistera
761 613 989 703 Paganusbc,
1027 621 1086 702 qui
1120 621 1304 685 habitabat
1338 622 1374 684 in

201 711 396 786 Baradello,
424 730 486 793 per
508 712 623 773 totum
646 709 882 792 episcopatum
906 708 1138 773 Cumanorum
1161 730 1281 775 omnes
1304 732 1373 794 pos-

201 801 367 865 sessiones
390 798 701 863 Mediolanensium
729 797 927 880 possidebat
956 800 991 861 et
1014 798 1177 862 habebat.
1224 799 1373 863 Advoca-

200 892 277 952 tuse
313 907 448 970 quoque
476 881 681 950 Hostensisd
714 885 893 949 Lunartii⁰
928 890 964 950 et
993 907 1110 951 omnes
1147 889 1374 971 possessiones

202 977 461 1060 capitaneorum
496 977 538 1039 de
569 974 757 1050 Mandello,
793 995 877 1056 quas
911 974 1089 1038 habebant
1122 976 1160 1039 in
1194 969 1371 1059 partibusf

161 1110 163 1116 -
202 1065 444 1148 Sepriensium,
469 1064 622 1128 tenebat.
718 1063 763 1126 Et
787 1083 828 1127 ea
851 1066 961 1127 estate
985 1064 1171 1128 hedificata
1195 1068 1247 1129 est
1271 1066 1373 1128 turris

202 1174 268 1236 que
299 1154 393 1217 dicta
421 1157 500 1217 estg
532 1152 765 1234 Triumphalis
800 1152 837 1215 in
866 1151 975 1234 burgo
1005 1146 1169 1246 Nocetil,
1207 1157 1243 1217 et
1273 1154 1374 1219 boves

200 1243 408 1306 rusticorum
449 1241 696 1305 iurisdictionis
740 1241 890 1324 episcopi
928 1241 1149 1306 Leodiensis¹
1194 1245 1375 1306 traxerunt

202 1351 318 1395 omnes
354 1331 486 1415 lapides
521 1333 556 1394 et
591 1329 751 1393 sabulum
786 1351 806 1393 a
841 1330 1014 1393 eivitate2.
1071 1331 1202 1394 Eadem
1240 1352 1374 1415 quoque

201 1423 311 1485 estate
334 1420 510 1483 Modoetie
533 1418 706 1502 palacium
730 1421 869 1501 ceptum
892 1418 971 1495 fuit,
1004 1423 1039 1483 et
1062 1418 1166 1484 boves
1188 1414 1372 1484 undecimi

201 1508 355 1592 plebium
369 1512 461 1572 terre
477 1506 667 1571 Mediolani
690 1506 823 1590 lapides
848 1528 868 1570 a
891 1507 1033 1572 civitate
1056 1508 1105 1571 ibi
1128 1508 1181 1572 bis
1204 1509 1242 1570 in
1258 1529 1374 1573 mense

200 1590 409 1662 vehebant¹.
457 1596 549 1659 Item
578 1598 663 1658 tunc
691 1596 864 1679 palacium
893 1597 937 1659 ad
960 1596 1241 1679 Vegiantinumm
1266 1601 1301 1662 et
1326 1618 1374 1661 ca·

201 1685 342 1749 stellum
366 1685 408 1749 de
431 1684 628 1747 Landriano
658 1684 919 1761 hedificabatur‚
953 1688 988 1749 et
1016 1685 1120 1750 boves
1142 1685 1374 1751 Mediolanen-

201 1775 290 1838 sium
325 1773 484 1836 similiter
514 1793 535 1836 a
565 1773 705 1836 civitate
739 1773 789 1837 ibi
818 1775 943 1837 vehere
974 1774 1196 1856 cogebantur.
1250 1775 1375 1840 Postea

108 1885 164 1946 sar.
172 1886 191 1928 1.
200 1883 280 1927 vero
312 1862 403 1926 circa
432 1861 512 1924 Kal.
537 1861 749 1945 Septembris
778 1863 873 1926 venit
904 1863 1087 1927 Pedericus
1117 1862 1277 1941 clericus,
1309 1885 1374 1928 ma·

200 1953 308 2034 gister
331 1950 501 2014 scolarum
525 1950 648 2027 dictus.
678 1951 823 2015 missus¹¹
850 1951 893 2015 ab
918 1952 1077 2035 episcopo
1101 1953 1284 2016 Leodiensi
1307 1953 1374 2017 Me·

201 2040 388 2117 diolanum
419 2059 555 2102 omnem
585 2042 794 2122 potestatem
824 2040 927 2105 Petro
958 2042 1000 2104 de
1025 2039 1190 2104 Cumino⁰
1219 2041 1372 2116 abstulit,

201 2131 362 2212 quoniam
392 2129 573 2192 audiente
602 2129 790 2213 episcopus,
822 2131 913 2211 quod
936 2130 1060 2194 Petrus
1083 2129 1144 2194 ille
1167 2129 1280 2194 male(l
1307 2130 1374 2194 Me·

202 2218 417 2282 diolanenses
450 2220 672 2282 tractaverat.
731 2217 799 2281 Sed
832 2218 898 2282 iste
932 2219 1116 2282 Pederieus
1151 2219 1305 2282 avariorr
1340 2223 1373 2282 et

199 2308 355 2371 tenacior
377 2307 481 2370 Petro
504 2306 584 2369 fuit.
630 2305 721 2368 Nam
743 2309 867 2381 totum,
897 2308 989 2388 quod
1012 2307 1135 2372 Petrus
1160 2308 1202 2370 de
1227 2310 1367 2390 quarto⁸

201 2399 236 2460 et
259 2396 340 2459 ficto
363 2391 489 2459 terciot
520 2395 624 2458 alicui
646 2395 834 2472 remiserat,
858 2396 896 2457 in
919 2396 1068 2459 solidum
1092 2397 1241 2479 exegitu.

148 2504 191 2547 oa.
309 2484 503 2568 Imperator
525 2503 606 2547 vero
629 2503 746 2547 mense
768 2483 932 2548 Octobrio
961 2485 1115 2568 proximo
1138 2485 1266 2548 tertio3
1289 2486 1372 2548 Lon·

200 2573 358 2637 bardianr
391 2572 535 2634 intravit
569 2575 605 2636 et
639 2572 734 2635 venit
769 2572 902 2651 Laude,
939 2575 1064 2638 deinde
1099 2573 1186 2637 abiit
1220 2573 1371 2656 Papiam.

96 2681 191 2724 roais.
202 2661 333 2726 Octavo
356 2662 473 2741 itaque
489 2660 569 2723 Kal.
587 2661 796 2739 Decembris,
822 2663 1038 2744 congregatis
1057 2662 1216 2726 omnibus
1232 2662 1373 2746 Papien-

201 2749 304 2825 sibus,
329 2749 484 2833 precepit
507 2749 564 2826 eis,
589 2753 630 2812 ut
647 2750 844 2814 civitatemv
863 2751 1044 2815 TerdoneW
1060 2771 1121 2834 pro
1145 2750 1289 2814 arbitrio
1313 2772 1372 2815 suo

203 2840 433 2916 destruerent;
470 2839 562 2920 quod
597 2839 735 2920 quidem
768 2839 841 2903 sine
871 2860 966 2903 mora
995 2840 1193 2916 fecerunt¹‚
1230 2840 1372 2923 proinde

201 2928 401 3012 imperatori
431 2928 660 3011 peccuniamy
688 2927 860 3011 copiosam
888 2929 1068 2992 dederunt.
1114 2928 1239 2991 Postea
1263 2928 1366 2992 abiitz

115 3017 422 3081 oec.e.Modoetiam.
474 3017 519 3080 Et
550 3037 627 3079 eum
656 3018 820 3080 transiret
850 3017 947 3080 iuxta
970 3017 1238 3099 Vegiantinuma
1269 3018 1372 3080 tertio

201 3106 257 3170 die
287 3106 497 3181 Decembris,
533 3098 664 3169 maresb
699 3108 734 3169 et
769 3105 929 3170 mulieres
964 3105 1059 3169 illius
1095 3105 1195 3187 burgi
1225 3104 1259 3167 N
1261 3106 1367 3169 oeeti⁰

478 3260 693 3326 Oodapnelli
715 3260 881 3312 Libellus
904 3263 1098 3314 tristitiae.

147 3338 191 3429 ἔξ)
302 3345 463 3428 Ἰωρθιάὲοτ
480 3364 545 3428 vero
562 3363 656 3428 mense
669 3346 805 3428 Octubrid
819 3346 945 3415 proximo
964 3349 1046 3401 tertio
1058 3349 1245 3402 Lonbardiam
1264 3348 1373 3402 intrarit

186 3421 229 3470 'et
247 3420 322 3470 venri
339 3417 444 3485 Laude,
464 3417 562 3471 demde
582 3418 648 3470 abut
667 3416 790 3486 Papram.
828 3416 932 3471 Octavo
951 3419 1043 3486 itaque
1060 3419 1124 3474 Kal.
1143 3420 1303 3474 Decembris

308 3496 410 3557 Anno
433 3494 602 3557 dominice
625 3494 873 3558 incarnationis
889 3494 1091 3559 MOLXIII.
1117 3508 1289 3578 congregatis
1308 3508 1372 3562 ita-

201 3594 268 3644 que
287 3577 413 3630 cmnibns
432 3575 612 3644 Papiensibus
631 3607 665 3616 -
685 3607 718 3616 —-
737 3578 887 3643 solverent3
907 3582 935 3630 et
953 3579 1099 3634 solverunt.

201 3722 222 3767 a)
238 3721 269 3758 sic
282 3721 308 3761 A.
318 3721 348 3769 P,·
369 3719 480 3759 Martinus
494 3719 521 3761 B.
581 3720 604 3767 b)
618 3717 746 3758 bsradellus
761 3720 809 3768 dci..
824 3723 843 3758 et
857 3730 963 3768 supcrsrr.
978 3732 1078 3771 paganus
1093 3721 1119 3763 A.
1180 3724 1201 3769 c)
1216 3720 1333 3762 Aducatus
1348 3723 1373 3762 A.

201 3772 225 3824 d)
239 3774 360 3813 hostiensis
374 3774 406 3823 A;
428 3773 539 3812 Ostiensis
555 3771 651 3815 Colchus.
711 3776 732 3820 e)
746 3775 776 3812 sir
790 3763 872 3814 lunius
886 3774 913 3823 B,
932 3775 990 3823 quod
1003 3777 1072 3813 nescio
1088 3786 1117 3813 air
1131 3779 1256 3823 cenapium
1270 3776 1305 3817 sit.
1336 3776 1374 3813 Ubi

200 3829 265 3864 situm
279 3829 314 3876 sit,
330 3828 420 3874 lenm,-
440 3826 518 3865 liurrin
532 3826 559 3867 A.
613 3828 721 3876 operies
735 3827 761 3869 A.
816 3830 838 3875 g)
852 3827 896 3866 fuit
909 3828 970 3870 B.P.
1024 3828 1048 3876 h)
1062 3829 1154 3867 nocenti
1168 3828 1195 3877 A.
1217 3829 1254 3867 ubi
1268 3829 1291 3866 in
1305 3839 1374 3876 usurp.

201 3880 279 3918 Turris
294 3881 391 3930 Nocete;
412 3877 493 3918 nocedi
507 3880 538 3929 B;
561 3880 637 3920 nuceti
652 3881 676 3924 P.
734 3881 751 3928 i)
764 3878 879 3920 laudensis
894 3881 919 3922 B.
974 3881 998 3929 k)
1012 3879 1182 3920 undecimarum
1195 3882 1222 3924 B.
1276 3882 1292 3928 1)
1307 3882 1374 3921 vehe-

201 3933 284 3972 bantur
297 3934 325 3976 A.
398 3934 428 3979 m)
443 3933 599 3982 Vigiantinunr
613 3935 639 3976 A.
714 3937 737 3982 n)
751 3937 786 3973 est
805 3935 855 3976 add.
870 3938 897 3976 A.
964 3937 985 3982 o)
1000 3934 1074 3974 Cunln
1088 3936 1114 3977 A.
1189 3934 1214 3985 p)
1227 3933 1336 3975 audiebat
1349 3936 1373 3975 B.

201 3988 224 4035 q)
238 3986 304 4025 malle
319 3986 345 4028 A.
400 3987 419 4032 r)
434 3990 457 4025 et
471 3997 506 4028 av.
521 3991 544 4027 et
559 3988 657 4027 tenatior
671 3988 697 4029 B.
752 3990 770 4035 s)
784 3991 875 4037 quattro
890 3988 916 4028 A.
968 3991 985 4036 t)
1000 3989 1014 4030 f.
1030 3992 1054 4028 et
1067 3989 1133 4028 abcui
1147 3989 1173 4030 Β.
1226 3987 1251 4040 n)
1265 3989 1336 4037 exigit
1349 3989 1373 4029 B.

201 4042 224 4087 v)
238 4040 269 4077 sic
283 4042 309 4081 A.
319 4040 350 4087 P,·
371 4039 404 4078 eis
422 4039 446 4077 in
461 4040 554 4079 ciuitate
568 4040 594 4082 B.
675 4044 705 4088 w)
723 4042 753 4079 sic
766 4041 792 4082 B.
802 4041 833 4089 P;
853 4041 984 4080 Derthonae
999 4043 1025 4083 A.
1107 4045 1130 4090 x)
1149 4042 1252 4081 facerent
1265 4045 1289 4081 et
1303 4053 1336 4091 pr.
1350 4042 1373 4081 B.

201 4095 224 4142 y)
239 4103 288 4142 cop.
302 4103 395 4141 peccun.
409 4093 435 4134 Β.
496 4096 516 4142 z)
530 4091 591 4135 Mod.
605 4094 639 4136 ab.
654 4095 679 4135 B.
742 4097 763 4141 a)
778 4093 937 4142 Veglentinum
952 4096 977 4136 A.
1038 4096 1061 4142 b)
1080 4095 1206 4135 homines
1227 4099 1250 4134 et
1267 4095 1373 4134 milltes

201 4145 232 4187 ill.
247 4146 272 4188 Β.
326 4145 347 4197 c)
361 4147 423 4186 nocti
437 4147 463 4188 A.
518 4145 541 4194 d)
556 4148 654 4187 octubris
669 4149 693 4188 P.

203 4270 228 4334 1)
249 4268 289 4321 De
311 4286 362 4337 quo
380 4271 438 4322 cide
456 4271 548 4326 Acori.
568 4273 639 4325 Mor.
658 4278 682 4323 ct
701 4272 775 4326 Corsi.
791 4272 879 4325 Leuci.
896 4289 924 4340 p.
939 4274 999 4328 639.
1014 4274 1081 4334 64&
1102 4273 1217 4338 Giuliai,
1240 4273 1326 4327 ‘Mem⁸
1346 4273 1375 4322 cli

201 4340 316 4392 Milano'
334 4341 389 4408 III,
407 4359 436 4409 p.
450 4344 510 4397 645.
600 4342 628 4408 2)
644 4342 708 4397 Seii.
727 4343 876 4395 Mediolani
893 4345 995 4400 diruta.
1088 4346 1115 4410 3)
1132 4344 1157 4398 Ι.
1175 4360 1196 4399 e.
1215 4346 1295 4396 tertia
1314 4345 1372 4408 cicc,

200 4426 253 4463 non
273 4411 326 4466 Oct.
345 4415 371 4478 3,
390 4420 421 4464 ct
438 4414 518 4465 Perta
535 4415 726 4481 interpretetus
743 4420 789 4468 eet.
