2932 4936
190 458 402 514 ANNALIUM
420 458 448 513 S.
467 458 677 514 EUSTORGII
694 459 921 517 MEDIOLAN..
943 462 979 518 A.
994 465 1178 519 noo—1167.
1236 466 1270 520 69

1279 625 1304 665 G.
1312 625 1363 665 Fer.

100 637 141 692 Et
160 638 222 691 dea
243 636 334 690 medio
346 654 439 690 mense
452 635 521 690 Maii
537 638 703 705 proxime
722 641 899 705 sequente
917 637 1009 691 feeit
1027 637 1196 692 domnusb
1219 639 1268 691 im·
1279 677 1332 719 Mar.

100 713 209 777 perator
233 708 403 762 mirabile
428 711 569 776 guastum
593 708 633 762 de
656 709 825 762 arboribus
844 712 878 762 ei
895 709 994 762 blavis
1018 709 1116 762 ciros
1139 710 1268 764 civita·

100 802 162 850 tem
175 795 347 864 Mediolani,
363 804 424 868 per
435 785 673 848 Martexanam
690 788 725 849 eii
742 778 821 868 perb
839 785 997 868 Seprium
1005 783 1026 847 1.
1057 797 1099 850 Es
1116 798 1268 851 demenso

100 868 218 937 Augusti
242 867 402 935 proxime
427 867 598 935 sequenti
622 866 840 922 Mediolanenses
866 885 942 921 oum
967 869 1090 936 pausia
1114 869 1334 930 militibussm.

100 955 311 1009 Brixiensibus
348 944 516 1008 miserunt
554 944 590 1007 in
625 944 746 1026 fugam
784 946 968 1008 domnum⁰
1007 945 1270 1029 imperatorem

99 1053 206 1116 usque
230 1033 274 1095 ad
294 1027 544 1108 Oarohanumd,
570 1045 702 1098 etmulti
727 1044 878 1098 fuerunt
897 1045 996 1113 capti
1015 1062 1055 1099 ex
1074 1044 1270 1099 Tehotoni-

100 1117 149 1168 eis
177 1119 212 1168 et
239 1115 454 1169 Lombardis
480 1133 496 1168 a
520 1114 804 1171 Mediolanensibus.
912 1115 956 1168 Es
983 1119 1069 1169 tuno
1097 1115 1168 1169 fuit
1196 1120 1270 1170 ortus

99 1187 246 1257 ingense
268 1187 339 1256 ignis
355 1186 391 1239 in
403 1190 483 1254 porta
495 1185 639 1239 Cumanaf
660 1191 689 1240 et
706 1186 783 1240 fers
801 1186 952 1239 mediam
971 1187 1109 1240 civitatem
1122 1189 1271 1241 oomlrursit
1281 1237 1358 1291 1158.

100 1280 125 1329 et
143 1275 278 1331 matualis.
386 1262 432 1325 m
456 1264 576 1326 eodem
596 1284 687 1327 anno
704 1256 766 1327 deb
786 1283 903 1327 mense
918 1264 1069 1345 Augusti
1092 1264 1270 1347 inceptum
1280 1310 1335 1356 m

99 1356 150 1416 esi
174 1353 218 1415 ad
240 1352 511 1415 redificandumg
536 1350 656 1416 Laude
679 1345 877 1416 iussim-³.
1279 1404 1291 1428 ,

187 1436 307 1504 *anno
338 1440 479 1503 Domini
508 1435 690 1504 uouxu.
725 1441 835 1524 primo
871 1441 926 1503 sie
956 1440 1077 1504 Mareu
1106 1441 1270 1504 1111111-
1280 1404 1367 1512 ἀὲἓῗ·

98 1531 242 1594 nenses4
266 1541 426 1594 rediderunt
450 1557 478 1593 se
504 1544 532 1594 eb
556 1541 693 1594 civitatem
719 1540 845 1594 domno
871 1540 1087 1609 imperatori
1112 1541 1141 1593 in
1165 1529 1372 1597 Laude.l1“r²·¹·

98 1613 140 1666 Et
165 1613 290 1682 posuit
307 1610 629 1666 Mediolanensesh
651 1612 688 1664 in
705 1612 831 1681 burgis
851 1616 886 1666 et
904 1610 1053 1665 destruxili
1080 1611 1269 1666 civitatem

98 1683 310 1739 Mediolani.
1326 1706 1328 1711 .

203 1761 306 1824 Anno
323 1760 464 1823 Domini
479 1759 680 1823 MOLXIII.
701 1772 742 1824 de
760 1788 854 1825 mense
866 1771 1021 1826 Ootubrisk
1039 1770 1139 1826 tertiol
1156 1761 1357 1826 Pede-1163·

98 1845 195 1898 ricus
213 1844 363 1912 imperator
380 1842 493 1895 intravit
509 1842 713 1898 Lombardiam.
1279 1830 1322 1873 061-

205 1922 306 1984 Anno
335 1919 476 1982 Domini
503 1918 726 1982 MOLXIIH.
758 1931 799 1984 ds
824 1948 940 1984 mense
966 1930 1087 1984 Ianuarii
1111 1921 1358 1999 incepitmllbi·

98 2002 271 2056 domnusb
306 2003 509 2071 imperator
539 2001 679 2055 edificare
710 2002 867 2056 civitatem
902 2019 1004 2054 unam
1034 2002 1108 2070 apud
1138 1991 1329 2056 sanoruml‘m·

98 2075 306 2130 Columbanum.
414 2072 521 2126 Eodem
539 2090 617 2141 yeme
636 2072 926 2141 Cremonenses⁵,
944 2073 1121 2128 Veneoiani
1143 2076 1178 2126 et
1195 2071 1269 2127 Mar-

98 2145 246 2199 ohexani
264 2146 423 2198 iuraverunt
440 2144 614 2197 insimuln
631 2147 660 2197 et
675 2143 816 2197 factisunt
834 2144 974 2198 inimici
993 2142 1136 2198 domnib
1153 2145 1269 2213 impera·

97 2217 184 2272 toris.
292 2216 361 2268 De⁰
383 2231 477 2268 mense
494 2213 569 2267 Iunii
586 2215 718 2283 proxima
736 2215 909 2282 sequenti
927 2212 1099 2268 domnusb
1122 2214 1329 2283 imperatorius.

98 2305 174 2341 oum
193 2287 314 2340 exercitu
333 2302 394 2339 suo
412 2286 557 2354 perrexitl)
581 2286 616 2338 ad
633 2289 725 2354 parles
743 2286 801 2339 illas
820 2286 979 2340 marohie
999 2289 1033 2339 et
1049 2285 1216 2340 Verone*
1236 2289 1271 2338 et

98 2359 181 2412 inde
206 2376 269 2411 oum
295 2358 442 2425 obprobrio
466 2357 556 2414 rediit.
663 2356 708 2410 let
730 2356 808 2427 ipso
834 2374 926 2410 anno
953 2356 1170 2425 archiepiscopus
1192 2355 1270 2409 Colo·

97 2430 197 2483 niensis
222 2429 314 2482 fecii
338 2431 462 2496 portare
489 2427 631 2481 Coloniam
657 2445 772 2496 corpora
796 2428 880 2481 trium
905 2427 1065 2496 Magorum,
1090 2428 1151 2495 qui
1173 2427 1271 2498 Magi

98 2504 175 2554 erant
193 2500 222 2553 in
235 2499 348 2553 ecelesia
367 2498 487 2552 sanati
498 2498 670 2569 Eustorgfis.
753 2496 797 2552 nt
816 2500 857 2554 de
874 2516 968 2553 menae
980 2499 1130 2553 Novembri
1141 2498 1333 2568 proximemus.

97 2571 268 2639 sequenti
286 2571 435 2624 domnus
453 2571 603 2638 imperator
619 2570 669 2624 ivit
688 2570 892 2625 ultramontes.
1298 2603 1312 2655 1

204 2642 287 2695 Anno
310 2641 422 2694 Domini
440 2639 628 2695 MOLXVII.
653 2642 694 2694 de
716 2659 810 2695 mense
833 2641 996 2695 Novembris
1021 2639 1192 2695 domnusb
1220 2641 1269 2693 im·
1280 2604 1357 2714 {roga

97 2718 208 2781 perator
225 2712 426 2766 Foderious
450 2716 568 2780 quartor
590 2713 703 2766 intravit
720 2713 935 2766 Lombardiams
959 2717 988 2766 et
1010 2712 1084 2765 venit
1101 2711 1224 2766 Brixiam
1243 2715 1271 2765 et

98 2802 249 2856 devastavit
272 2785 409 2854 blavaet
438 2793 474 2853 91
497 2789 635 2853 arbores
658 2801 752 2854 Brixie
770 2805 799 2855 et
816 2799 951 2871 Pergami
974 2817 1059 2867 usque
1083 2801 1118 2853 ad
1141 2804 1270 2856 montes.

98 2878 164 2942 Elisu
192 2879 316 2942 deinde
341 2878 427 2941 abiis
448 2878 593 2941 Romam
617 2898 695 2941 cum
719 2879 871 2942 exercitu
894 2880 930 2941 et
953 2877 1140 2941 oombursii
1167 2877 1269 2960 porti·
1280 2888 1357 2940 1167.

100 2988 176 3031 oum
205 2971 240 3030 ei
264 2967 381 3030 alamv
408 2966 527 3030 Sancti
551 2967 646 3030 Petri
675 2970 710 3030 eb
738 2967 873 3030 obsedit
895 2965 1049 3042 Romam,
1080 2965 1268 3027 muliorum

100 3056 142 3120 ab
173 3060 319 3139 utraque
349 3059 447 3139 paris
477 3061 589 3119 neceW
618 3059 773 3139 sesopia,
804 3058 947 3118 tamen¹
981 3053 1130 3137 acceptis
1159 3053 1266 3117 indey

217 3226 244 3296 *)
261 3229 316 3281 Pro
328 3246 364 3283 m.
378 3231 406 3280 ei
418 3226 453 3281 V.
466 3228 543 3281 ὶιάὀθὶ
556 3230 584 3282 1:
598 3227 627 3278 in
639 3226 761 3280 marchia
773 3225 934 3280 Trevissana
946 3242 1009 3279 oum
1022 3225 1117 3278 ducisz
1131 3223 1268 3282 Boemie⁶.

101 3391 123 3437 s)
137 3389 161 3427 ln
176 3391 195 3430 1.
257 3388 280 3437 b)
294 3389 350 3427 deest
364 3389 383 3430 2.
444 3390 464 3436 c)
479 3386 620 3439 dominns1;
641 3385 760 3429 diotum2.
823 3385 1001 3435 monacharum
1016 3388 1035 3428 1.
1097 3387 1119 3434 e)
1133 3396 1237 3434 magnum
1251 3387 1269 3428 1.

101 3442 235 3488 flRomana
248 3442 267 3484 2,
321 3443 343 3490 g)
357 3441 416 3482 retis.
431 3444 453 3492 1;
477 3441 537 3484 ratis.
550 3441 569 3483 2.
623 3441 648 3490 h)
661 3439 813 3480 Mediolanum
823 3441 842 3483 1.
896 3440 913 3489 l)
927 3438 1025 3479 destruit
1038 3440 1057 3480 1.
1111 3438 1135 3488 k)
1149 3439 1236 3478 octobri
1250 3440 1270 3480 2.

101 3496 117 3543 l)
132 3496 217 3534 correxi
231 3506 258 3533 ax
270 3495 340 3533 Gestis
353 3496 441 3542 Foder.,·
461 3495 516 3534 item
529 3495 553 3545 25
575 3496 631 3533 ἀθθεὶ
647 3497 665 3537 1,
726 3497 756 3543 m)
770 3495 851 3543 insipit
865 3495 884 3535 1.
939 3495 962 3541 n)
976 3493 1042 3531 simul
1055 3493 1075 3535 2.
1128 3494 1149 3540 o)
1163 3491 1194 3531 Is't
1208 3490 1236 3530 de
1251 3494 1269 3534 l.

101 3551 124 3596 p)
139 3549 172 3587 lre
187 3549 237 3590 αάἀ.
247 3549 266 3591 1.
314 3551 337 3596 q)
351 3552 417 3587 erant
430 3546 459 3586 ad
474 3548 581 3588 sanatum
595 3547 740 3598 Eustorgium
754 3550 773 3590 1.
818 3550 837 3595 r)
851 3557 907 3590 sorr.
916 3543 978 3594 Jaffd
984 3547 1026 3592 (sic
1035 3547 1100 3585 Gesta
1108 3546 1183 3586 Fruar.
1189 3557 1214 3593 p.
1222 3546 1270 3593 60),-

102 3599 192 3650 quondo
207 3603 226 3643 1.
240 3602 259 3644 2.
320 3604 339 3649 s)
354 3602 378 3640 in
393 3602 418 3643 L.
433 3603 451 3643 1.
512 3603 530 3650 t)
544 3599 611 3640 blada
625 3603 646 3643 2.
700 3604 724 3650 n)
738 3603 795 3640 deest
808 3602 827 3643 1.
881 3603 905 3647 v)
918 3599 999 3640 altaria
1013 3601 1032 3642 1.
1085 3600 1115 3647 w)
1129 3609 1185 3640 corr.
1198 3596 1270 3646 Just&

102 3665 145 3694 neo
159 3657 178 3697 1.
192 3655 212 3698 2.
266 3657 289 3703 x)
303 3659 444 3704 acceptatum
458 3658 482 3694 st
495 3655 514 3697 1.
568 3657 591 3705 y)
605 3652 699 3696 ldem2.
753 3658 773 3703 z)
787 3655 818 3693 ar'a
832 3655 850 3696 1.

103 3798 129 3863 1)
146 3797 276 3849 Locorum
292 3799 322 3848 iu
337 3797 423 3848 Gestis
434 3797 556 3848 Foderiri
569 3814 599 3863 p.
611 3797 655 3850 40.
673 3802 888 3848 enumeratorum
900 3795 1048 3862 cmrpluria
1061 3795 1091 3845 iu
1103 3793 1268 3857 Mammam,

101 3869 194 3920 rullus
218 3870 248 3919 iu
272 3870 397 3919 comitutu
415 3869 506 3935 Seprir'
528 3869 596 3919 situs
617 3873 683 3920 erut.
773 3865 802 3933 2)
818 3866 876 3918 Hos
895 3867 949 3918 loro
970 3872 1063 3917 rumor
1077 3863 1271 3933 proculdubio

102 3940 171 3991 ulios
188 3940 301 3991 eurialus
318 3945 420 3991 secutus
437 3946 490 4001 est,·
514 3939 549 4002 cf.
568 3938 629 3992 Not.
649 3937 676 3992 S.
692 3936 809 4003 Georgii,
835 3938 914 4000 iufra
928 3954 957 4003 p.
972 3939 1014 3991 71.
1104 3937 1131 4002 3)
1148 3935 1221 3987 Ηαθθ
1238 3950 1271 3986 err

101 4011 186 4062 αὶὶθνο
209 4012 281 4074 fonte
304 4016 411 4077 sumpta
434 4011 471 4061 ad
494 4011 617 4064 a.1158.
639 4010 782 4076 pertimui.
819 4007 860 4073 Of.
880 4008 963 4059 locum
983 4007 1081 4059 Chrou.
1099 4007 1224 4074 Philippi
1240 4006 1271 4057 ἀθ

101 4087 189 4133 rastro
201 4081 296 4148 Saprio
312 4083 421 4132 citatum
433 4081 467 4133 ab
479 4082 542 4132 Αὶθὶ.
554 4081 652 4146 Geruli,
668 4079 752 4134 ‘Misu
765 4079 796 4130 di
806 4079 892 4130 storia
903 4077 978 4131 Ital!
992 4078 1053 4142 VII,
1064 4095 1093 4145 p.
1104 4079 1168 4132 675:
1186 4075 1270 4128 Anno

101 4149 213 4204 Domini
230 4149 346 4208 MOLX.
365 4151 409 4204 die
427 4149 471 4206 IV
472 4193 479 4207 .
495 4149 616 4220 Augusti
633 4150 773 4217 inceptum
791 4152 832 4202 est
850 4145 971 4200 edificari
988 4146 1126 4200 civitatem
1144 4146 1270 4199 Lauden-

102 4239 160 4275 sem
184 4223 320 4277 iuvenem.
403 4223 432 4289 4)
455 4222 528 4275 Ham
552 4222 706 4275 exciderunt
730 4223 760 4272 iu
787 4221 874 4272 Gestis
895 4219 996 4284 Fadrr„
1023 4235 1109 4286 supra
1130 4236 1158 4286 p.
1178 4220 1213 4274 52
1232 4234 1270 4285 sq.

100 4293 129 4360 ὅ)
146 4293 231 4347 Immo
247 4295 412 4361 Vamacures,
432 4301 462 4345 ut
481 4294 561 4346 Gesta
572 4294 665 4348 Fuirr.
684 4309 769 4360 supra
785 4310 813 4359 p.
827 4293 870 4347 57.
889 4291 991 4344 bobert.
1065 4290 1091 4355 6)
1106 4289 1272 4341 Theobuldus

100 4367 189 4429 fratr
205 4367 351 4417 Wludislui
374 4367 446 4431 regis
470 4371 531 4416 tuus
554 4367 610 4416 ium
635 4379 688 4415 usu
710 4365 741 4415 in
759 4364 844 4415 Ituliu
866 4363 928 4426 fuit.
965 4360 1038 4414 Ηαθθ
1056 4361 1166 4412 nonnisi
1181 4376 1194 4412 θ
1211 4375 1270 4411 con·

99 4438 202 4488 iectura
219 4438 321 4489 scribor
339 4438 393 4489 loro
410 4443 536 4505 corrupto
553 4442 613 4488 ortu
631 4436 761 4490 ridemur.
