2932 4936
187 397 222 449 32
295 390 420 446 GESTA
438 388 617 445 FEDERIGI
635 389 659 449 Ι.
678 388 943 444 IMPERATORIS
961 387 1004 442 IN
1021 386 1262 443 LOMBARDIA.

99 579 327 645 1158.rentura
355 577 455 657 porta
473 573 629 636 Romana
652 575 687 635 et
710 576 810 655 porta
824 572 945 646 Tenea,
971 564 1050 652 quib
1078 570 1191 633 missic
1219 569 1362 633 fuerant

188 663 359 726 custodire
382 660 488 737 illam,
512 661 635 724 timore
658 660 814 743 1101101111
829 653 1076 723 reddiderunt‘l
1096 678 1181 722 eam.
1229 657 1276 720 Iit
1295 658 1359 720 hoe

187 751 374 814 maximum
396 749 555 813 timorem
578 747 894 812 Mediolanensibus
924 747 1078 823 incussit,
1110 746 1274 827 quoniam
1302 746 1361 807 im·

188 842 325 921 perator
355 857 457 920 super
487 857 562 900 eam
589 837 782 920 prederiam
809 836 902 899 11011θ
930 835 1015 898 10011
1039 838 1155 898 eteos
1179 834 1238 915 qui
1262 836 1361 897 erant

188 927 225 988 in
249 925 391 989 castello
414 925 539 1008 ligneo,
564 927 656 1007 quod
679 927 754 988 erat
774 943 875 1007 super
890 927 1031 1006 pontem
1046 922 1178 999 fossati,
1203 921 1360 1004 fugabat.

190 1014 258 1078 Sed
281 1013 554 1077 Mediolanenses
585 1016 705 1096 postea
733 1012 893 1076 iecerunt
923 1031 1090 1092 onagrum
1119 1013 1154 1074 et
1180 1010 1362 1092 fregerunt

188 1102 355 1185 perticam
377 1101 471 1165 illius
494 1102 649 1185 prederie
674 1105 709 1165 et
725 1100 956 1164 Teuthonicos
980 1100 1022 1162 de
1041 1099 1130 1162 turri
1154 1098 1361 1161 descendere

190 1194 385 1273 coegerunt.
432 1191 572 1254 Interea
587 1188 715 1252 milites
732 1187 920 1251 Mediolani
936 1186 1202 1269 egrediebantur
1226 1186 1269 1249 de
1286 1185 1364 1248 civi·

188 1281 262 1341 tate
286 1282 321 1342 et
344 1278 550 1342 auferebant
580 1277 752 1340 scutiferis
781 1275 950 1339 exercitus
979 1275 1148 1350 roncinos‚
1180 1278 1216 1337 et
1244 1276 1363 1336 tantos

190 1366 418 1442 abstulerunt,
450 1367 541 1447 quod
570 1365 731 1428 roncinus
760 1366 923 1449 quattuor
952 1363 1057 1427 soldis
1080 1361 1303 1426 tertiolorum
1325 1362 1363 1423 in

128 1459 130 1463 ’
190 1455 330 1518 civitate
353 1453 579 1517 vendebatur.

296 1541 380 1604 Post
409 1542 473 1604 hec
503 1540 650 1624 prelium
679 1541 865 1603 maximum
894 1539 1027 1602 factum
1057 1538 1126 1601 fuit
1154 1538 1199 1601 ad
1226 1541 1365 1620 portam

189 1630 332 1706 Novam,
354 1633 389 1692 et
405 1627 657 1692 0000111101111111
673 1632 823 1712 pontem,
849 1628 907 1710 qui
924 1630 999 1691 erat
1015 1647 1116 1709 super
1131 1626 1309 1702 fossatum,
1326 1629 1366 1688 et

189 1717 464 1781 Mediolanenses
494 1737 612 1780 omnes
641 1717 736 1780 intus
767 1716 965 1780 clauserunt
995 1719 1031 1778 et
1061 1715 1226 1796 quosdam
1249 1733 1291 1777 ex
1313 1713 1362 1776 eis

190 1807 227 1867 in
250 1798 401 1869 fossatof
420 1809 646 1881 necaverunt3
672 1806 833 1886 quidam2
856 1825 877 1867 a
898 1803 1003 1866 turba
1026 1803 1187 1886 oppressi,
1213 1821 1291 1864 cum
1314 1801 1362 1862 in·

190 1897 324 1957 trarent
348 1897 491 1976 portam,
516 1893 644 1956 mortui
667 1897 758 1956 sunt.
806 1892 874 1955 Sed
892 1894 1021 1975 postea,
1047 1911 1125 1954 cum
1141 1890 1270 1952 clamor
1286 1889 1367 1952 ciri·

468 2065 681 2130 Codapnelli
702 2064 868 2116 Libellus
892 2065 1087 2116 tristitiae.

189 2155 403 2222 pugnarenturss
424 2155 505 2219 porta
518 2151 644 2206 Romana
663 2155 691 2204 01
707 2154 788 2218 porta
800 2150 898 2216 Tonas,
918 2150 966 2217 qui
984 2149 1098 2217 ipsam
1117 2153 1255 2201 turrem
1274 2150 1368 2200 custo-

191 2223 349 2289 diebant,
376 2223 474 2275 timore
492 2223 616 2290 perteriti
634 2222 734 2274 illam
752 2221 968 2288 imperatori
986 2220 1179 2284 reddiderunt3
1206 2222 1233 2271 01
1252 2219 1292 2270 de
1311 2218 1365 2270 hoc

190 2292 422 2346 Mediolanenses
434 2293 585 2345 maximum
597 2293 724 2344 timorem
736 2291 803 2343 hab
812 2309 830 2343 u
838 2294 952 2345 erunt.
982 2289 1139 2358 Imperator
1156 2289 1263 2341 illico
1282 2306 1364 2356 super

191 2381 251 2416 eam
269 2361 444 2431 prederiamh
466 2362 526 2415 fieri
544 2363 610 2415 fecit
628 2366 656 2414 et
674 2379 750 2415 cum
768 2362 834 2414 illa
851 2360 1041 2429 prederiai
1067 2361 1147 2414 illos
1173 2361 1220 2426 qui
1239 2362 1317 2412 erant
1334 2359 1364 2410 in

192 2436 301 2488 castello
310 2435 410 2502 ligneo,
423 2433 498 2500 quod
508 2436 566 2486 erat
578 2450 660 2500 super
667 2434 780 2500 pontem
790 2430 891 2499 fossati,
904 2431 1025 2502 fugabat.
1056 2428 1360 2486 11011Μο1110111110110001ζ

190 2525 286 2588 postea
303 2522 429 2574 fecerunt
451 2529 553 2591 super
572 2511 714 2591 pontem
737 2536 870 2588 onagrum
895 2520 1103 2573 mirabilem
1129 2522 1157 2571 et
1182 2535 1258 2571 cum
1283 2517 1365 2585 ipso

191 2592 333 2661 fregerunt
350 2592 483 2658 perticam
502 2591 573 2643 illius
590 2589 748 2658 111011011οῙ,
773 2607 839 2657 que
863 2595 943 2643 erat
960 2607 1068 2658 super
1085 2590 1200 2657 ipsam
1218 2591 1366 2653 turrem,

192 2666 220 2714 et
237 2662 324 2714 illos
343 2661 405 2728 qui
424 2664 528 2713 erant
546 2662 581 2713 in
599 2662 678 2728 ipsa
696 2665 771 2713 turre
786 2661 949 2714 descendere
963 2661 1105 2729 coegitm.
1141 2659 1252 2712 Interea
1264 2657 1367 2712 milites

191 2731 341 2784 Mediolani
360 2731 577 2799 quandoque
596 2731 630 2785 de
649 2731 757 2784 civitate
777 2732 987 2800 egrediebantur
1005 2735 1033 2784 et
1051 2730 1211 2783 auferebant
1229 2727 1366 2781 scutiferis

192 2803 326 2855 exereitus
345 2802 487 2867 roncinos3
507 2805 535 2855 et
552 2806 607 2855 tot
626 2801 859 2870 auferuntur,
878 2803 952 2869 quod
970 2801 1099 2855 roncinus
1110 2799 1280 2854 vendebatur
1299 2815 1365 2868 qua-

190 2876 254 2925 tuor
272 2873 353 2926 soldis
372 2873 543 2926 tertiolorum
561 2873 590 2925 in
609 2873 726 2927 civitate.

298 2960 365 3014 Post
380 2961 431 3014 hec
444 2962 561 3029 prelium
574 2977 723 3030 magnum
738 2949 864 3012 iterum
882 2959 986 3013 factum
1004 2959 1057 3012 fuit
1075 2959 1110 3010 ad
1121 2962 1230 3026 portam
1241 2945 1366 3008 Roma·

190 3057 271 3100 nam
280 3037 302 3098 3.
349 3037 394 3100 Et
417 3040 501 3100 tunc
524 3037 753 3100 Theothonici
781 3036 942 3100 etmulti
967 3036 1027 3099 alii
1049 3034 1200 3097 militum
1223 3033 1364 3096 intesta-

191 3125 277 3188 bant
300 3125 421 3189 urbem
444 3124 642 3200 Mediolani,
675 3128 710 3188 et
738 3128 823 3187 tunc
845 3124 1064 3208 proiecerunt
1088 3122 1260 3204 quendam
1282 3141 1365 3203 pon-

191 3216 264 3277 tem
280 3233 443 3295 magnum
467 3217 502 3276 et
526 3213 679 3297 amplum
700 3232 802 3296 super
816 3212 985 3276 fossatum
1002 3212 1160 3286 civitatis,
1184 3229 1367 3293 perquem

192 3405 214 3450 a)
228 3403 259 3440 sie
273 3403 303 3450 Ρ,·
324 3405 481 3451 oppugnarent
494 3404 520 3443 Α.
588 3401 611 3452 11)
629 3403 659 3439 sie
673 3402 768 3443 Α.Β.Ρ.
837 3403 856 3448 0)
874 3401 924 3440 misi
939 3403 965 3442 A.
1035 3398 1058 3447 d)
1075 3400 1106 3438 sie
1119 3400 1184 3445 Β.Ρ,·
1204 3397 1323 3437 redierunt
1337 3398 1364 3439 A.

193 3458 213 3502 0)
227 3456 293 3494 iussit
307 3456 365 3503 add,
380 3455 416 3493 red
430 3455 470 3497 del.
481 3456 507 3496 A.
561 3455 653 3502 ilintus
670 3456 728 3503 add,
743 3455 781 3492 sed
794 3455 834 3496 del.
844 3455 871 3496 Α.
924 3457 947 3502 g)
960 3455 990 3492 sie
999 3455 1029 3500 P;
1042 3454 1209 3502 oppugnaretur
1218 3452 1245 3493 Β.
1295 3451 1318 3497 h)
1333 3451 1365 3488 sie

192 3509 215 3550 P.
227 3509 258 3556 A,·
273 3508 321 3547 fieri
336 3506 532 3557 100111110111111011
547 3509 572 3549 B.
627 3508 643 3555 i)
657 3509 732 3556 111οΡ1
750 3506 856 3556 prodaris
869 3507 895 3548 B.
950 3507 974 3554 k)
987 3508 1017 3544 sie
1031 3508 1055 3548 P.
1064 3507 1096 3554 A,·
1115 3516 1136 3554 p.
1150 3502 1209 3545 Med.
1223 3504 1249 3546 B.
1304 3503 1319 3551 1)
1333 3504 1365 3541 sie

193 3562 259 3606 Pa,-
273 3560 377 3610 predarie
391 3562 417 3602 Β,
471 3562 502 3608 m)
515 3562 546 3599 eie
560 3561 589 3608 Ρ,·
605 3561 664 3608 cogit
677 3562 703 3602 Β,
1084 3560 1086 3565 “

194 3702 219 3767 1)
234 3703 375 3756 Teutenici.
430 3701 713 3767 ammanuensium
732 3703 836 3755 scilicet.
892 3700 919 3766 3)
937 3700 1113 3765 Godaqnellus
1130 3714 1160 3750 ea
1179 3713 1245 3764 quae
1263 3698 1294 3747 de
1312 3696 1366 3747 baa

189 3789 283 3839 pupna
301 3774 335 3823 at
353 3778 459 3823 auctare
476 3773 670 3824 Mediolanensi
686 3775 787 3839 scripta
806 3778 891 3835 erant,
916 3773 956 3822 ita
975 3772 1132 3834 immutarit,
1156 3775 1186 3820 ut
1204 3784 1271 3835 qaae
1288 3769 1363 3818 mala

192 3844 435 3894 Mediolanensibus
464 3850 526 3893 tunc
552 3851 689 3894 evenerunt
716 3845 752 3894 ad
782 3844 934 3895 Teutonicos
960 3844 1129 3905 transferret.
1177 3840 1210 3890 Ut
1237 3839 1367 3902 fraudem¹

192 3919 294 3978 teperet,
319 3930 441 3980 pugnam
468 3915 542 3980 apud
566 3920 675 3980 partam
699 3915 800 3966 Nonam
827 3915 992 3965 commissam
1020 3914 1056 3963 ad
1079 3917 1188 3978 portam
1212 3911 1363 3960 Romanam

192 3986 293 4047 factam
317 4000 369 4036 esse
394 3987 509 4051 scripsit.
547 3985 588 4048 Cf.
614 3985 645 4035 de
669 3985 715 4036 boc
736 3986 839 4051 proelio
856 3984 994 4036 Rabeuin.
1013 3982 1068 4048 III,
1095 3984 1138 4036 39.
1177 3981 1209 4033 G.
1228 3980 1264 4034 H.
1284 3981 1368 4030 Perta>

192 4056 294 4117 falsam
311 4058 495 4107 narrationem
510 4062 570 4122 post
587 4071 676 4106 aeram
694 4057 723 4105 in
741 4057 827 4107 eodem
845 4061 918 4107 terta
936 4055 1060 4106 eabibens
1075 4054 1180 4105 maeres
1192 4053 1222 4101 in
1235 4065 1365 4115 maenum

190 4126 340 4191 periculum
358 4129 461 4178 erroris
476 4128 594 4191 inducit,
614 4141 641 4177 ee
653 4129 749 4191 maius,
770 4127 846 4191 quod,
866 4133 896 4176 nt
910 4125 968 4176 Otto
981 4125 1050 4178 Mor.
1065 4125 1082 4176 l.
1096 4123 1113 4175 l.
1130 4140 1158 4188 p.
1173 4123 1234 4176 606.
1252 4127 1362 4184 narrat,

192 4211 284 4247 reuera
302 4197 448 4263 aliquando
466 4199 539 4264 apud
553 4203 663 4263 partam
675 4198 825 4247 Romanam
838 4202 986 4263 pugnatum
1000 4197 1043 4260 sit,
1063 4194 1108 4245 sed
1121 4191 1364 4244 Mediolanensibus

193 4269 396 4333 erumpentibus,
419 4285 472 4319 nen
494 4269 642 4320 Teutonicas
664 4269 789 4334 impetam
808 4269 984 4318 intinitatem
1003 4265 1169 4330 facientibus.
1208 4263 1249 4326 Cf.
1273 4262 1313 4315 W.
1332 4262 1367 4311 de.

196 4338 365 4404 Giesebreebt,
387 4339 494 4393 ‘DKZJ
517 4340 547 4404 V,
564 4356 592 4405 p.
608 4338 659 4391 162
671 4354 708 4403 sq.
