2932 4936
168 390 203 442 24
274 384 399 440 GESTA
416 382 596 439 FEDMRIOI
613 383 636 439 1.
655 382 921 438 IMPERATORIS
940 383 982 436 IN
1001 383 1240 439 LOMBARDIA.

81 584 158 636 1157.
275 568 460 630 Millesimo
492 567 677 630 centesimo
712 566 994 648 quinquagesimo
1029 566 1187 648 septimo,
1224 584 1344 630 mense

110 679 158 720 run.
171 656 265 719 Iunii
306 656 458 718 iteruma
501 656 796 736 congregaverunt
833 654 1109 718 Mediolanenses
1154 654 1344 717 exereitum

168 743 362 807 mirabilem
385 746 420 805 et
444 742 640 806 habuerunt
664 742 706 805 de
729 741 899 805 militibus
920 742 1149 805 Brixiensium
1174 743 1343 806 ducentos

169 836 204 895 et
233 831 327 894 ultra
357 832 512 914 expensis
540 829 852 894 Mediolanensium
882 835 917 894 et
946 831 1275 894 transticinaverunt
1307 834 1343 894 et

34 943 94 988 (iun.
102 943 159 991 rar).
170 920 405 983 castrametati
440 922 521 982 sunt
555 919 651 981 iuxta
682 918 872 981 Cassiolum
906 918 1016 1001 prima
1049 918 1120 993 die3
1157 911 1216 980 etb
1255 921 1342 981 tunc

169 1008 377 1091 Papienses⁰
420 1006 547 1070 milites
591 1010 626 1070 et
663 1006 796 1089 pedites
840 1010 875 1070 et
913 1006 1066 1069 marchio
1105 1001 1340 1070 Guilielmusd

169 1095 445 1158 Montis-ferrati
476 1097 511 1159 et
535 1093 640 1158 Obizo
670 1095 823 1157 marchio
846 1094 1058 1176 Malaspinee
1095 1097 1129 1157 et
1161 1093 1220 1156 alii
1249 1094 1344 1157 inter

171 1184 310 1247 comites
335 1186 370 1246 et
392 1183 607 1246 marchiones
630 1203 737 1264 usque
762 1185 894 1265 septem
920 1183 1137 1245 intraverunt
1160 1182 1342 1245 castellum

34 1294 159 1343 (nain).
170 1273 212 1333 de
224 1265 426 1353 Vigevanif‚
450 1275 491 1334 ut
514 1270 603 1333 illud
619 1271 855 1335 defenderent.
903 1270 1063 1333 Secunda
1079 1271 1135 1334 die
1152 1274 1263 1334 eastra
1280 1291 1344 1334 sua

168 1363 356 1442 posuerunt
379 1360 475 1422 iuxta
498 1359 719 1434 Tardubium,
742 1359 976 1440 relinquentes
1000 1362 1077 1440 post
1101 1378 1135 1422 se
1161 1359 1344 1422 castellum

34 1449 211 1520 (narside
228 1441 409 1529 Vigivanif
437 1451 540 1529 atque
562 1447 720 1510 timorem
745 1446 956 1510 simulantes.
997 1447 1113 1511 Tertia
1137 1447 1192 1510 die
1217 1451 1342 1510 castra·

169 1674 372 1738 Iohannis
400 1673 642 1756 Oodapnelli
668 1673 855 1738 Libellns
883 1673 1087 1738 tristitiae
1115 1681 1150 1738 et
1177 1672 1341 1738 doloris.

169 1792 218 1846 DE
236 1791 409 1847 MISERHS
427 1792 477 1846 ΕΤ
496 1791 703 1847 ANGUSTHS
722 1781 944 1846 LONBARDIM
966 1791 1085 1846 Passa
1107 1792 1158 1845 AB
1177 1792 1342 1846 IMPERA-

596 1879 696 1934 TORE
718 1880 915 1937 FEDERIOO.

129 1996 158 2047 (a)
274 1975 330 2038 Ad
360 1975 560 2038 memoriam
589 1976 718 2057 pariter
749 1978 784 2038 et
813 1975 977 2038 noticiam
1004 1975 1266 2038 Loubardorum
1294 1994 1343 2037 re-

171 2064 294 2126 ducere
322 2063 478 2126 volantes
509 2063 701 2139 miseriasss,
734 2063 919 2144 angustias,
950 2063 1193 2126 tribulationes
1218 2066 1253 2126 et
1275 2066 1343 2125 tor-

170 2155 296 2226 menta,
321 2171 387 2233 que
410 2155 508 2233 gesta
524 2155 605 2214 sunt
621 2152 657 2213 in
673 2149 869 2214 Lonbardia
885 2150 928 2213 ab
944 2151 1150 2234 imperatore
1166 2151 1340 2226 Pedanos,

170 2233 204 2286 ad
222 2235 368 2286 utilitatem
386 2231 552 2302 posterumh
574 2232 709 2286 scriberei
733 2233 890 2301 temptab0;
909 2232 1028 2285 maxirna
1046 2234 1118 2286 enim
1138 2233 1343 2286 succedentium

169 2309 292 2357 versatur
308 2304 418 2372 utilitas,
437 2307 489 2371 ut,
509 2320 585 2356 cum
604 2303 700 2370 aliquis
718 2304 772 2356 vir
789 2303 948 2371 prudens
968 2320 1000 2356 ea
1018 2321 1070 2371 que
1089 2304 1190 2372 scripta
1208 2304 1344 2356 invenerit

72 2396 204 2452 *nectet
222 2395 326 2445 attente
344 2392 533 2460 prospexeritl
556 2382 591 2443 e't
614 2380 772 2455 audierit,
797 2380 834 2441 in
858 2380 972 2442 animo
996 2383 1031 2442 et
1057 2374 1185 2443 *mente
1210 2401 1271 2442 sua
1293 2399 1342 2443 re·

170 2472 285 2549 ponat,
317 2488 361 2530 ne
391 2469 429 2530 in
452 2467 687 2530 consimilibus
711 2471 746 2531 et
769 2468 805 2529 in
829 2468 957 2530 virtute
981 2471 1016 2530 et
1039 2471 1211 2550 potestate
1234 2468 1341 2531 Theo-

169 2556 388 2618 thonicorum
417 2556 569 2619 incidere
600 2556 707 2638 possit
734 2577 793 2618 —:
826 2550 954 2637 quamk
981 2556 1130 2619 breviter
1152 2556 1342 2638 poterimus

169 2663 318 2719 narrare,
343 2663 403 2725 per
427 2643 582 2707 ordinem
606 2644 736 2725 aperire
761 2644 985 2707 studebimus.

110 2739 158 2780 [un.
275 2726 377 2778 Anno
398 2725 580 2779 dominice
598 2725 870 2778 incarnationis
888 2724 1035 2780 MCLVH.
1059 2725 1100 2778 de
1117 2742 1210 2778 mense
1228 2723 1334 2778 Iuniol

169 2795 387 2849 Mediolanenses
406 2800 585 2866 congregato
605 2797 726 2849 exercitu
751 2796 908 2849 militum
934 2800 967 2849 et
990 2796 1152 2864 peditum
1171 2800 1205 2848 et
1223 2796 1341 2848 totius

168 2867 289 2937 gentis
309 2883 431 2920 eorum
450 2871 478 2919 et
497 2884 572 2919 cum
590 2867 726 2920 ducentis
745 2866 875 2919 militibus
894 2866 995 2934 Brixia
1020 2866 1079 2934 qui
1104 2870 1208 2919 erant
1231 2866 1273 2918 ad
1296 2883 1341 2919 ex·

168 2973 264 3022 pensas
277 2972 352 3009 com
361 2955 441 3008 unis
454 2954 626 3022 Mediolani,
640 2954 781 3008 Ticinum
793 2954 992 3020 transierunt,
1005 2943 1090 3019 loca,
1107 2944 1227 3018 castra,
1240 2942 1342 3005 villas

169 3036 204 3095 et
238 3036 371 3114 segetes
405 3032 640 3115 Papiensium‚
677 3032 893 3095 inimicorum
928 3050 1060 3107 eorum,
1097 3031 1271 3094 destruere
1307 3034 1342 3094 et

169 3121 380 3203 depopulari,
414 3119 619 3183 conburrere
651 3123 686 3184 et
718 3119 918 3183 conculcare
946 3119 1201 3202 proposuissem.
1249 3129 1343 3183 Prima

168 3219 251 3255 vcro
278 3201 321 3254 die
346 3202 531 3272 albergati
556 3207 620 3255 sunt
645 3202 745 3255 circa
763 3201 913 3267 Oasiolum3
940 3205 968 3254 et
992 3204 1058 3254 tuuc
1078 3200 1224 3269 Papienses
1243 3201 1343 3253 milites

169 3275 197 3324 et
219 3272 324 3340 pedites
350 3276 378 3325 et
403 3273 524 3325 marchio
551 3273 592 3325 dc
615 3271 870 3326 Monte-feratom
893 3275 921 3324 et
944 3270 1028 3324 Obizo
1046 3270 1200 3339 Malaspina
1223 3274 1251 3324 et
1274 3271 1338 3323 alii0

170 3343 282 3395 comites
299 3346 327 3395 et
339 3342 510 3395 marchiones
529 3359 614 3410 usque
633 3342 668 3395 in
687 3346 792 3411 septem
810 3343 982 3395 intraverunt
995 3343 1135 3395 castellum
1149 3342 1182 3395 de
1192 3341 1343 3410 VegivanO,

169 3416 200 3465 ut
218 3412 286 3465 illud
305 3412 484 3466 defenderent
502 3416 537 3465 et
555 3417 845 3468 manutenerent.
884 3412 1010 3466 Secunda
1029 3412 1073 3465 die
1087 3416 1175 3465 eastra
1188 3429 1235 3464 sua
1247 3428 1344 3480 posue·

169 3488 234 3536 runt
252 3484 330 3537 iuxta
349 3483 528 3550 Tardubium‚
546 3484 730 3550 relinquentes
749 3487 811 3552 post
830 3501 858 3537 se
877 3484 1019 3537 castellum
1038 3483 1072 3536 de
1085 3482 1236 3552 Vegivano‚
1263 3483 1345 3534 simu·

170 3572 257 3624 lantes
276 3559 365 3623 illud
381 3558 469 3623 Velle
488 3559 734 3641 derelinquere.
771 3571 839 3624 Etp
857 3570 938 3624 tertia
950 3571 994 3624 die
1008 3571 1211 3624 castramentati
1228 3573 1292 3622 sunt
1310 3569 1346 3622 ad

169 3749 191 3795 a)
205 3748 228 3795 11)
242 3750 268 3790 A.
328 3749 351 3795 b)
365 3749 395 3786 sic
408 3748 464 3789 Ann.
475 3748 530 3788 Med.
543 3748 594 3788 min.
608 3751 628 3786 ct
641 3749 667 3789 Β.
677 3749 706 3795 P,·
721 3748 789 3787 etiam
803 3748 829 3790 A.
885 3750 905 3795 c)
920 3759 960 3796 per
975 3759 1076 3795 comune,
1092 3758 1146 3796 qaae
1161 3747 1216 3787 Ann.
1228 3747 1283 3788 Mai.
1293 3747 1346 3789 min.

169 3801 190 3842 h.
200 3801 214 3843 l.
229 3802 287 3849 aad„
301 3803 324 3838 tn
338 3801 358 3838 A
373 3801 453 3839 omissa
467 3811 511 3838 csse
525 3801 605 3838 censeri
615 3802 693 3850 possit,
708 3801 744 3839 secl
759 3802 788 3839 ad
801 3801 841 3838 hoc
855 3801 910 3838 nihil
923 3801 986 3848 facit,
1001 3802 1057 3849 aliod
1072 3802 1095 3839 tn
1109 3802 1129 3838 P
1141 3801 1161 3841 t.
1173 3801 1187 3841 l.
1202 3811 1242 3848 pro
1257 3800 1347 3838 comuni

170 3854 275 3891 adiectum
289 3855 324 3902 sit,
340 3865 386 3892 cum
401 3854 513 3891 annalista
527 3854 585 3894 Piae.
600 3855 672 3891 eadem
687 3855 751 3892 verba
766 3855 819 3891 aliti
834 3855 899 3891 etlam
914 3854 1023 3890 addiderit
1028 3867 1036 3900 ;
1055 3855 1078 3890 ln
1093 3854 1164 3891 codiee
1181 3852 1306 3900 Coelaynelli
1320 3863 1346 3891 ea

169 3917 213 3944 ison
230 3907 298 3953 fuisse
316 3907 421 3948 videntur,
509 3904 532 3957 d)
551 3907 688 3954 Guglielmus
703 3908 728 3950 Α,
817 3908 837 3952 e)
856 3907 1003 3954 Mallaspinae
1018 3908 1043 3954 (t.
1054 3908 1080 3953 7‘)
1090 3905 1099 3956 ll
1109 3906 1234 3960 malaspina
1250 3906 1275 3952 (t.
1285 3906 1306 3952 8)
1321 3905 1348 3948 Δ,

169 3959 187 4006 1)
201 3960 231 3996 sie
245 3960 265 4000 t.
275 3960 289 4000 l.
303 3960 329 4000 A.
383 3960 405 4007 g)
420 3970 476 4000 corr.
486 3960 551 4001 Perta
556 3973 564 4007 ;
579 3959 671 3998 miseras
685 3961 711 4002 B.
765 3960 788 4007 h)
802 3960 833 3997 ste
846 3960 866 3997 B
880 3963 898 3997 et
913 3960 933 3996 P
944 3960 967 3996 tn
980 3969 1019 3997 sao
1030 3960 1126 4006 prolopo
1138 3970 1162 4006 p.
1173 3959 1218 3999 469.
1273 3958 1289 4004 i)
1304 3968 1347 4001 scr.

171 4017 186 4053 t.
201 4013 302 4054 mentm
318 4013 388 4060 suppl.
398 4013 460 4050 Perta
474 4023 501 4050 ea
511 4013 606 4060 protono
620 4014 731 4061 superiore
741 4024 765 4061 p.
777 4014 802 4051 14
806 4027 815 4060 ,·
831 4024 871 4054 cm.
881 4013 907 4053 B.
955 4011 979 4058 k)
994 4023 1044 4050 cum
1059 4012 1085 4053 Β,
1128 4012 1143 4058 l)
1157 4012 1217 4049 iunii
1232 4012 1252 4048 P
1263 4022 1310 4048 eum
1321 4012 1347 4053 A.

171 4066 200 4111 m)
214 4066 244 4102 ste
253 4065 285 4111 B;
299 4066 327 4112 ef.
343 4065 370 4106 Ν.
380 4063 634 4114 Arente'XV1,p.2ts.
676 4068 699 4113 n)
713 4078 741 4108 m.
755 4065 917 4105 montisferrati
932 4065 952 4101 P
963 4076 1010 4102 cum
1024 4066 1051 4106 A.
1092 4066 1113 4110 ο)
1128 4065 1159 4102 stc
1169 4065 1193 4105 P,
1204 4066 1236 4111 A,·
1251 4064 1307 4102 deest
1321 4064 1348 4106 Β.

171 4119 194 4165 p)
208 4118 263 4155 cleest
278 4119 299 4155 P
310 4123 333 4155 ut
348 4120 374 4160 A.

172 4260 198 4323 1)
215 4259 287 4309 Haec
298 4275 331 4310 en
340 4259 452 4326 prateae
464 4259 618 4310 annalistae
630 4260 837 4312 Mediolanensis
850 4262 948 4326 (snpra
966 4277 992 4326 p.
1010 4262 1044 4313 14
1055 4261 1107 4325 sq.)
1125 4260 1259 4325 exscripta
1277 4263 1349 4312 sunl.

175 4329 216 4393 Cf.
237 4330 280 4383 ‘M
299 4330 415 4381 Archio'.
430 4330 511 4394 XVI,
528 4347 557 4396 p.
570 4332 631 4384 257.
