2932 4936
208 366 262 422 EX
279 364 412 422 IAOOBI
429 364 619 437 lesuram
639 366 807 423 oaomca
824 366 1018 423 YMAGINIS
1036 367 1172 425 MUNDL
1244 372 1279 425 93

105 555 260 628 natam⁸,
290 570 357 632 que
379 571 442 615 nos
466 554 502 615 et
524 549 651 615 bestias
681 556 815 615 nostras
845 551 1034 617 occidebat.
1081 552 1127 615 Et
1157 567 1366 636 parumneo.

105 659 225 704 omues
247 632 446 704 biberuntb.

174 773 352 831 vannius
372 772 496 830 SUPER
514 773 677 828 TnRRAM
695 774 863 830 SOLDANT
881 775 1206 832 SARRAGENORUM.

211 870 296 934 Post
325 870 409 934 hec⁰
442 869 611 934 intramus
640 874 768 934 terram
800 870 1065 936 sarracenorum
1097 873 1135 935 in
1163 872 1277 935 locum
1286 893 1402 946 (naua.

105 959 164 1041 qui
190 953 356 1023 vocaturd
384 958 606 1023 Oardinis³·¹.
653 958 699 1022 Et
728 963 814 1023 tunc
844 960 1007 1023 soldanus
1037 961 1148 1024 mittit
1174 961 1277 1044 impe·

104 1047 210 1111 ratori
232 1050 361 1124 nostro,
392 1047 485 1130 quod
512 1047 602 1112 male
625 1048 815 1112 intraverat
837 1041 987 1112 terramf
1014 1069 1121 1112 suam.
1168 1049 1276 1133 Impe-

104 1140 198 1200 rator
213 1135 416 1200 Fiedericus
431 1156 502 1198 non
518 1155 641 1200 curans
658 1136 699 1200 de
715 1136 828 1201 verbis
852 1136 921 1200 suis
945 1136 1064 1201 scribit
1088 1138 1120 1202 ei
1144 1137 1274 1202 dicens:

106 1224 170 1289 ‘Da
191 1224 299 1288 michi
321 1223 487 1288 victualia
516 1245 577 1308 pro
600 1225 767 1309 peccunia
789 1224 886 1290 mea’.
932 1225 978 1288 Et
1006 1226 1184 1309 respondit
1214 1227 1276 1290 sol·

104 1314 224 1391 danus,
256 1314 348 1396 quod
378 1313 492 1390 dabit;
524 1316 560 1377 et
588 1314 686 1377 dedit
714 1314 897 1390 modicum,
929 1317 965 1378 et
987 1335 1057 1377 non
1080 1314 1276 1379 sufficiebat

103 1402 212 1472 nobis.
251 1402 348 1466 Tunc
371 1405 471 1485 parat
494 1421 529 1465 se
552 1401 738 1486 imperator
754 1402 954 1467 Fredericus
978 1423 1132 1486 pugnare
1156 1408 1276 1468 contra

103 1491 296 1555 soldanum.
342 1489 508 1573 Sequenti
531 1490 596 1568 die,
621 1491 778 1573 quierat
802 1492 879 1555 dieg
898 1491 1041 1556 Veneris
1051 1492 1072 1569 2,
1097 1492 1275 1576 episcopus

103 1583 219 1645 noster
243 1579 286 1643 de
311 1571 495 1662 Oiburgl·3
523 1579 714 1663 predicavit
744 1583 780 1643 et
803 1580 900 1657 dixit,
932 1582 1023 1663 quod
1053 1601 1170 1645 omnes
1200 1602 1275 1645 con·

103 1660 301 1734 [iterentur¹
331 1671 470 1752 propter
492 1687 656 1750 magnum
678 1666 810 1733 bellum
832 1668 1000 1745 futurum,
1031 1673 1067 1734 et
1090 1670 1182 1753 quod
1205 1671 1274 1753 qui-

103 1756 188 1822 libet
211 1757 249 1820 in
268 1757 324 1820 die
336 1756 479 1821 Veneris
496 1756 689 1821 comederet
706 1776 833 1834 carnes,
859 1759 940 1841 quia
963 1757 1058 1821 aliud
1080 1779 1152 1821 non
1174 1760 1274 1824 habe·

103 1839 244 1911 bamusk
264 1845 308 1909 ad
324 1846 583 1909 comedendum.
618 1844 664 1909 nt
679 1846 837 1929 sequenti
851 1850 954 1911 nocte
971 1846 1058 1910 dixit
1078 1847 1272 1930 imperator,

103 1935 193 2017 quod
216 1934 305 1998 vidit
326 1934 364 1997 in
387 1927 567 2018 sompniis¹
597 1933 739 1998 beatum
762 1932 958 2018 Georgium,
988 1935 1047 2018 qui
1074 1934 1175 1998 illum
1199 1956 1274 2000 con-

102 2023 256 2087 fortavit.
301 2022 348 2086 Et
370 2043 487 2086 sumus
510 2042 628 2086 omnes
651 2016 810 2086 fortiterf
837 2023 981 2086 animati
1005 2023 1050 2087 ad
1072 2022 1212 2099 bellum,
1239 2028 1274 2088 et

103 2132 219 2177 omnes
242 2111 387 2177 fecimus
403 2115 522 2175 votum
545 2111 697 2175 ieiunare
712 2111 866 2194 vigiliam
889 2112 983 2176 beati
1000 2110 1149 2196 Georgii.
1187 2111 1273 2176 Oum

104 2204 248 2266 autemm
264 2220 381 2264 omnes
397 2220 546 2264 essemus
565 2200 602 2263 in
618 2200 767 2264 crastino
791 2201 903 2285 parati
927 2202 971 2264 ad
991 2200 1146 2284 prelium,
1171 2202 1377 2265 maxi-mun.

103 2310 176 2354 mus
199 2290 369 2354 exercitus
393 2287 659 2353 Sarracenorum
680 2289 751 2352 fuit
774 2293 894 2353 contra
917 2310 978 2353 nos
1001 2293 1103 2353 retro.
1144 2288 1273 2354 Contra

104 2380 208 2460 quos4
236 2378 306 2441 dux
333 2377 457 2442 Suavie
486 2378 625 2442 fortiter
654 2379 841 2462 pugnando
871 2379 987 2462 posuit
1016 2397 1094 2442 cum
1124 2379 1272 2442 maxima

103 2467 267 2532 violentia
282 2467 318 2530 in
333 2467 464 2549 fugam.
503 2466 549 2530 Et
572 2465 642 2530 illis
657 2466 873 2550 fugientibus
897 2471 932 2530 et
955 2467 1080 2530 nostris
1104 2468 1272 2549 sequenti·

103 2554 164 2620 bus
195 2556 288 2639 cepit
311 2557 381 2619 dux
404 2555 528 2619 Suavis
558 2576 664 2619 unam
693 2553 891 2619 civitatem⁶
920 2555 1058 2619 illorum
1089 2559 1125 2620 et
1155 2576 1271 2620 omnes

103 2646 199 2726 quasi
221 2644 271 2708 ibi
294 2644 480 2720 interfecit,
505 2664 589 2727 quos
612 2644 755 2709 invenit.
801 2643 995 2728 Imperator
1011 2648 1128 2708 autem
1150 2645 1188 2707 in
1203 2645 1272 2709 alia

103 2737 199 2814 parte
221 2733 360 2797 fortiter
383 2733 562 2817 pugnabat
587 2753 664 2796 cum
681 2733 757 2796 aliis
774 2732 979 2809 Sarracenis
1006 2737 1041 2796 et
1063 2732 1142 2796 illos
1166 2734 1271 2797 etiam

103 2820 296 2904 fugavimus
332 2826 367 2886 et
401 2822 603 2885 intravimus
643 2821 818 2885 civitatem
853 2826 999 2906 captam.
1056 2820 1141 2883 Erat
1180 2821 1271 2884 enim

104 2914 252 2974 castrum
267 2911 495 2974 fortissimum
509 2911 545 2972 in
562 2911 674 2993 eapite
691 2909 850 2985 civitatis,
877 2915 911 2974 et
934 2909 983 2972 ibi
1007 2928 1042 2972 se
1064 2908 1266 2991 recollegitn

103 2998 263 3063 soldanus
294 3019 373 3062 eum
399 2999 529 3062 multis.
575 2998 621 3061 Elt
643 2999 762 3062 videns
786 2997 994 3082 probitatem
1017 3000 1133 3061 nostre
1156 2998 1269 3080 gentis
1278 3019 1395 3070 (uacua.

102 3155 248 3201 misenensis
263 3154 311 3196 132.
364 3154 387 3202 b)
401 3154 512 3193 beberunt
526 3154 573 3195 Bl.
628 3155 648 3201 c)
662 3153 677 3192 li
692 3154 740 3196 Ba.
794 3151 817 3201 d)
831 3152 924 3207 uolltur
938 3153 986 3195 132.
1041 3155 1062 3199 e)
1077 3151 1173 3192 carduus
1183 3153 1267 3201 aas,

101 3207 123 3245 in
136 3218 207 3256 mara.
221 3208 294 3246 eadem
308 3219 375 3246 manu
388 3205 461 3247 (tarde
475 3207 502 3249 A.
561 3207 649 3255 odes-rt
662 3207 710 3248 132.
769 3209 791 3255 g)
805 3208 836 3245 sic
849 3208 908 3248 codd.
962 3206 986 3253 h)
1000 3205 1091 3254 Ciburg‘
1106 3207 1132 3248 Α.
1186 3206 1202 3253 i)
1217 3217 1269 3246 con·

102 3259 176 3301 fitetur
190 3263 210 3300 Β
220 3262 239 3303 2.
310 3261 334 3308 k)
352 3261 444 3300 heimus
459 3261 598 3309 (habeamus)
612 3260 632 3298 B
642 3263 660 3302 1.
670 3261 689 3302 2.
760 3260 775 3307 l)
795 3261 893 3310 sompnis
908 3260 935 3307 (is
950 3269 961 3297 e
974 3261 1040 3307 corr.)
1054 3260 1108 3309 1315
1129 3260 1206 3309 sopnis
1221 3260 1240 3298 B
1250 3261 1269 3302 2.

101 3317 129 3363 m)
142 3316 199 3354 deest
213 3315 239 3356 Α.
293 3316 317 3361 n)
331 3314 434 3363 recoligit
448 3314 496 3356 ΒΞ.

101 3421 126 3486 1)
149 3421 223 3472 Haec
246 3428 375 3488 corrupta
399 3436 452 3472 esse
472 3437 490 3471 a
507 3421 601 3472 Iacobo
623 3427 745 3488 apparet.
781 3421 856 3473 Recte
876 3422 955 3472 Gesta
980 3421 1075 3473 habent
1098 3420 1127 3473 in
1151 3419 1268 3474 cardinis

99 3494 125 3557 (i.
143 3508 167 3559 q.
186 3490 315 3561 gardinis,
337 3507 390 3560 pro
412 3508 464 3558 quo
482 3492 586 3545 saort.
609 3493 718 3559 scripsit
739 3491 887 3556 viridariis3
911 3493 969 3544 vide
987 3492 1270 3558 Ducenda-Heosobel

100 3579 119 3617 s.
137 3581 160 3618 v.
179 3561 320 3631 gardinus)
345 3561 431 3617 Gonii
469 3564 510 3627 Cf.
538 3563 581 3616 (Ν.
600 3563 711 3614 Arebiv’
736 3563 831 3629 XVII,
854 3581 883 3632 p.
902 3566 964 3629 507,
990 3580 1017 3614 n.
1036 3566 1062 3617 2.
1101 3565 1143 3628 Cf.
1164 3565 1268 3629 Touana

99 3635 230 3701 (Moenus
247 3634 368 3698 Reich.):
393 3635 480 3699 (Maii
497 3635 544 3697 17)
569 3631 689 3702 Ingressi
708 3674 714 3687 .
735 3674 741 3688 .
761 3674 767 3688 .
786 3633 898 3686 hortum
917 3637 945 3687 et
968 3633 1127 3686 viridarium
1151 3634 1266 3702 regium,

99 3707 166 3771 quod
190 3705 338 3757 Auster-tus
361 3705 405 3756 die
426 3705 498 3756 Maii
516 3707 557 3760 18.
583 3705 684 3768 factum
708 3720 761 3756 esse
785 3705 886 3759 scribit.
959 3706 986 3771 2)
1004 3706 1054 3756 Die
1068 3707 1172 3772 proelio
1187 3722 1267 3773 prae·

98 3778 197 3828 unna
215 3778 361 3829 orationem
378 3776 545 3843 abepiscopo
558 3776 771 3841 Wirziburyensi
787 3776 906 3828 habitam
925 3792 978 3828 erse
995 3778 1079 3842 refert
1096 3780 1176 3830 etiam
1194 3778 1266 3830 Hist.

96 3864 200 3915 percpi.
236 3847 288 3899 Sed
310 3863 369 3898 cum
389 3847 519 3914 proelium
539 3847 652 3914 reliquis
669 3847 776 3899 testimo
793 3848 836 3898 die
854 3847 926 3899 Maii
944 3850 986 3914 18,
1013 3849 1061 3915 qui
1083 3849 1138 3912 fuit
1160 3849 1267 3901 Veneris

97 3921 262 3971 commissum
280 3920 325 3985 sit,
345 3921 432 3970 oratio
449 3920 491 3970 die
503 3918 581 3984 Iocis,
601 3919 674 3969 Maii
686 3920 728 3972 17.
748 3918 840 3969 habita
858 3925 903 3971 est.
940 3919 977 3970 Et
994 3919 1041 3970 boc
1058 3920 1101 3971 die
1118 3935 1197 3972 sacra
1215 3936 1267 3972 esse

98 3989 190 4041 babitu
214 3991 295 4042 etiam
316 3990 421 4054 Torone
445 3995 553 4043 narrat.
592 3991 694 4041 Ardor
717 4004 746 4040 eo
770 3990 800 4040 in
824 4004 942 4040 erroran
967 3990 1062 4042 ductus
1084 4007 1137 4043 esee
1153 3991 1265 4058 udatur,

97 4063 165 4126 qood
182 4063 325 4128 episcopus,
349 4068 379 4112 ut
397 4062 454 4127 ipso
467 4061 569 4128 proelii
585 4062 730 4125 diescere,
755 4061 803 4126 qui
826 4061 880 4124 fuit
903 4061 1018 4126 Veneris,
1045 4077 1138 4114 carnes
1156 4063 1266 4113 comede·

96 4139 200 4197 rentur,
218 4133 350 4198 permisit.
421 4131 448 4194 3)
465 4131 576 4183 lacobus
593 4146 685 4182 nonan
698 4131 991 4198 Wirciburqcorrupit.
1062 4134 1090 4198 4)
1107 4132 1192 4184 Immo
1210 4134 1267 4184 dux

96 4204 226 4254 civitatem
238 4218 380 4268 cypressus
397 4209 442 4268 eat,
462 4204 610 4269 imperator
621 4203 763 4254 meritum
781 4203 836 4266 filii
851 4202 960 4254 soldani
976 4217 994 4252 a
1012 4207 1086 4266 terqo
1102 4204 1266 4256 invadentem

96 4275 327 4395 ν’ννηῗθιρινινὲἆκὶἒϊνί
346 4274 424 4325 Geato
449 4279 516 4324 recto
537 4274 666 4337 referunt.
755 4273 783 4340 5)
802 4273 929 4326 Iconium.
964 4272 1033 4324 Sane
1051 4273 1161 4325 Iacobus
1182 4289 1265 4326 unam

96 4362 140 4396 mo
268 4362 298 4396 ν.
