2932 4936
120 1015 197 1088 EX
218 1010 405 1089 IACOBI
426 1008 692 1104 AQUENSJS
717 1007 948 1087 CRONICA
981 1009 1240 1088 YMAGINIS

584 1131 776 1204 MUNDI.

203 1266 449 1349 Supradictus⁸
467 1265 654 1349 imperator
669 1265 871 1329 Fredericus
894 1265 1033 1349 primus,
1058 1265 1117 1346 qui
1141 1266 1267 1329 dicitur

97 1356 313 1431 Barbarossa
345 1353 528 1419 debellatis
559 1353 717 1417 omnibus
748 1355 817 1417 suis
848 1353 995 1416 inimicis
1024 1354 1061 1416 in
1083 1352 1204 1417 Ytalia
1231 1357 1266 1418 et

97 1444 207 1528 posito
237 1443 381 1527 imperio
410 1443 448 1505 in
476 1463 570 1526 pace,
601 1442 678 1506 vult
702 1442 751 1506 ab
782 1442 963 1525 astrologis
992 1462 1195 1524 cognoscere
1224 1444 1266 1507 de

98 1554 157 1597 suo
181 1533 259 1596 fine.
307 1529 374 1610 Qui
398 1551 515 1596 omnes
539 1523 783 1608 concordanti,
808 1533 900 1613 quod
920 1531 1084 1595 morietur
1108 1535 1143 1595 et
1166 1530 1266 1595 suffo-

99 1622 233 1686 cabitur
262 1621 299 1683 in
329 1641 428 1702 aqua.
479 1621 559 1704 Ipse
588 1641 669 1684 vero
699 1621 839 1684 omnino
869 1623 943 1683 erat
972 1620 1187 1684 voluntarius
1217 1619 1267 1684 ire

98 1710 190 1774 ultra
219 1729 312 1774 mare
343 1713 464 1773 contra
493 1705 708 1774 Sarracenos.
763 1709 809 1772 Et
843 1709 969 1772 timens
997 1709 1145 1774 transire
1174 1730 1267 1774 mare

98 1803 236 1883 propter
259 1798 476 1882 propheciam
498 1798 619 1862 mortis
642 1818 712 1874 sue,
737 1797 910 1862 ordinavit
932 1798 981 1861 ire
1003 1819 1065 1882 per
1079 1798 1269 1881 Ungariam

99 1892 132 1952 et
155 1909 216 1971 per
231 1887 402 1950 Tratiam⁰
423 1907 540 1952 versus
563 1880 793 1969 aquilonem⁶‚
818 1907 879 1971 per
896 1891 1024 1951 terram
1047 1887 1096 1951 ire
1119 1887 1157 1949 in
1176 1888 1268 1952 Ieru-

99 1977 205 2040 salem
235 1997 313 2039 cum
342 1976 490 2040 maximo
521 1976 673 2061 exercitu
706 1975 857 2039 militum
892 1979 927 2039 et
957 1975 1113 2059 peditum
1144 1979 1179 2039 et
1208 1996 1269 2060 per

99 2066 169 2129 vias
199 2064 416 2148 gravissimas
446 2069 482 2129 et
511 2068 646 2129 montes
676 2065 774 2146 quasi
803 2064 1015 2128 inmeabiles.
1064 2064 1263 2147 Relinquit⁰

100 2154 189 2219 enim
212 2154 288 2218 loco
312 2154 365 2217 sui
388 2153 425 2216 in
448 2153 591 2238 imperio
607 2155 692 2218 duos
709 2153 797 2218 filios
813 2174 901 2230 suos,
926 2153 1038 2218 silicet
1053 2147 1265 2218 Henricumf

99 2242 366 2326 primogenitum
382 2246 417 2307 et
429 2242 650 2326 Philippumg
665 2242 840 2319 minorem,
859 2243 902 2306 ad
918 2243 1109 2307 custodiam
1124 2241 1267 2325 imperii.

100 2331 253 2396 Tertium
276 2336 393 2395 autem
412 2331 522 2394 filium
537 2331 699 2407 medium,
724 2331 836 2395 silicet
853 2333 974 2395 ducem
991 2323 1147 2407 saevieh
1172 2331 1269 2394 ducit
1281 2345 1357 2398 1189.

100 2440 224 2496 secum,
255 2420 314 2502 qui
344 2420 525 2484 dicebatur
547 2420 749 2484 Fredericus
779 2421 959 2484 secundus.
1005 2419 1051 2482 Et
1075 2439 1165 2483 anno
1188 2420 1269 2483 Iesu

102 2507 230 2572 Christi
253 2508 445 2574 ΜΟΙιΧΧ.1
467 2513 520 2573 est
542 2509 579 2571 in
598 2508 754 2591 Ungaria
777 2530 855 2573 cum
877 2528 957 2592 rege
973 2508 1135 2591 Ungaric,
1160 2509 1269 2572 amico

101 2617 171 2674 suo,
197 2597 327 2662 habens
350 2597 400 2661 ibi
420 2617 536 2661 secum
556 2601 668 2662 totam
689 2618 786 2662 suam
803 2590 1032 2675 comitivam¹‚
1057 2597 1170 2662 silicet
1184 2597 1270 2661 mili-

101 2689 176 2750 tum
206 2687 243 2749 in
273 2685 375 2750 armis
405 2680 637 2762 LXXXXQ
673 2687 824 2771 exceptis
853 2687 1017 2763 roncinis,
1053 2686 1112 2768 qui
1141 2688 1271 2751 honera

102 2775 296 2859 portabant,
328 2779 364 2839 et
393 2768 513 2838 mulisl
544 2774 679 2859 grossis.
727 2775 883 2839 Fuerunt
913 2776 1006 2839 enim
1034 2775 1083 2839 ibi
1113 2776 1271 2859 peditum

102 2863 341 2946 sagitariorum
371 2884 449 2927 cum
479 2864 626 2928 arcubus
656 2859 726 2941 XM,
765 2885 843 2928 cum
873 2863 1006 2928 balistis
1036 2883 1116 2928 vero
1147 2864 1269 2946 parvis,

101 2951 312 3016 mediocrism
341 2956 377 3016 et
406 2953 531 3036 grossis
555 2948 626 3016 XM.
673 2952 718 3016 Et
748 2953 796 3017 sic
826 2954 868 3016 de
898 2952 1054 3035 Ungaria
1083 2952 1175 3035 capit
1204 2952 1271 3016 iter

101 3061 217 3105 versus
248 3041 444 3123 aquilonem
480 3061 541 3125 per
570 3045 698 3105 terram
729 3062 807 3105 cum
837 3041 1018 3106 comitiva¹¹
1052 3040 1208 3125 predicta
1236 3044 1271 3104 et

103 3129 268 3213 episcopis
299 3133 334 3193 et
364 3129 440 3193 aliis
472 3130 603 3194 clericis
637 3131 767 3194 multis.
825 3131 871 3193 Et
905 3130 1002 3213 quasi
1036 3129 1193 3214 pervenit
1227 3130 1271 3193 ad

102 3221 235 3282 montes
245 3217 392 3302 >Caspios
416 3223 452 3283 et
474 3220 618 3303 paludes
633 3219 813 3296 Meotidas,
829 3219 948 3283 volens
964 3219 1074 3283 vitare
1097 3240 1158 3302 pro
1174 3237 1271 3302 posse

103 3327 236 3371 omnem
259 3307 464 3371 transitum⁰
488 3329 663 3390 aquarum,
688 3312 729 3370 ut
751 3308 874 3372 melius
896 3308 1004 3372 faciat
1027 3308 1094 3372 iter
1117 3328 1226 3373 suum.

105 4065 125 4112 ι)
139 4075 180 4104 rex
195 4064 423 4114 add.,ceudcl.13a
477 4064 500 4111 b)
515 4063 543 4102 cir
557 4061 653 4104 cordant
666 4063 743 4105 Bas.
797 4064 817 4109 c)
833 4061 925 4101 traciam
939 4063 987 4105 131.
996 4064 1015 4104 2.
1071 4061 1094 4111 d)
1108 4063 1213 4114 aquilone
1226 4065 1274 4106 132.

105 4115 245 4166 emericum
259 4119 336 4161 ΒΗ,
389 4115 537 4166 obn—micum
551 4117 577 4159 A.
631 4119 653 4166 g)
668 4116 785 4166 phylipum
799 4116 852 4161 Bi:
870 4115 981 4164 philipum
994 4116 1043 4157 Ba.
1097 4116 1120 4162 h)
1134 4117 1212 4156 sueuld
1226 4117 1274 4159 Ba

105 4171 122 4218 i)
135 4171 264 4211 comitium
278 4172 326 4214 Ba.
406 4171 431 4218 k)
448 4169 589 4211 cmxxt·
606 4169 677 4221 (milla
695 4171 718 4208 in
736 4180 806 4218 maro.
823 4170 901 4218 suppl.)
920 4170 947 4213 A.
1031 4169 1048 4217 1)
1066 4169 1140 4208 mullis
1158 4171 1229 4219 groslu
1248 4171 1274 4212 A.

105 4225 178 4272 mJa'c
192 4225 252 4269 codd.
305 4225 329 4276 n)
343 4224 450 4264 comicini
464 4224 512 4266 Bt.
566 4226 588 4271 ο)
602 4227 685 4263 terrum
699 4223 780 4263 scitum
794 4224 820 4264 A.

107 4383 133 4451 1)
151 4384 264 4437 Omnino
281 4385 355 4449 falsa
373 4391 410 4437 est
428 4385 458 4435 in
475 4385 556 4450 pestis
574 4384 711 4436 Fridcstci
728 4385 751 4438 I.
770 4384 860 4436 Iacchi
876 4385 1036 4451 computatio
1054 4397 1196 4436 annorum.
