2932 4936
188 430 908 493 .GESTAFEDER1011.1MPERATORISOE
925 432 1164 489 LOMBARDIA.
1236 438 1272 490 45

100 619 255 701 Cumque
285 619 471 701 imperator
501 615 545 679 ad
576 619 688 680 eastra
717 615 862 679 redisset
890 619 926 680 εὴ
955 616 1057 680 dixit:
1090 616 1269 694 ‘Obtinui’‚
1282 633 1359 688 1160.

98 708 188 772 alius
218 707 410 790 respondit:
449 705 534 767 ‘Imo
564 705 675 767 victus
707 723 752 767 es.
804 703 928 769 Nonne
958 705 1067 781 vides,
1101 707 1270 787 quomodo

98 795 374 860 Mediolanenses
396 798 433 857 te
458 791 784 856 circundederunt
828 793 1055 858 Remanserat
1078 795 1170 858 enim
1194 814 1271 857 oum
1370 810 1374 814 ⁴

99 885 258 949 ducentis
297 882 535 947 solummodoa
574 881 753 944 militibus.
811 881 857 943 Et
892 882 1168 947 Mediolanenses
1202 904 1272 945 non

98 975 285 1056 potuerant
315 971 419 1035 facile
451 971 656 1034 descendere
687 970 731 1033 ad
762 989 854 1044 eum,
890 973 967 1032 tum
1001 975 1141 1055 propter
1173 975 1272 1035 natu-

98 1083 172 1125 ram
196 1062 273 1137 loci,
301 1063 378 1124 tum
401 1062 541 1142 propter
563 1078 666 1141 rupes
691 1061 726 1122 et
748 1057 866 1135 valles,
896 1078 962 1140 que
986 1059 1272 1142 impedimentum

99 1151 310 1234 prestabant,
334 1153 411 1211 tum
434 1151 573 1231 propter
596 1147 821 1209 fortissimam
843 1146 1006 1230 pluviam.
1052 1148 1193 1212 Etcum
1213 1149 1272 1211 diu

98 1239 147 1302 ibi
178 1239 365 1313 stetissent,
401 1239 541 1320 propter
570 1235 716 1297 nimium
746 1234 898 1316 algorem
929 1237 972 1299 ad
1003 1240 1115 1300 castra
1145 1238 1272 1301 reversi

99 1331 190 1391 sunt.
237 1327 431 1410 Imperator
453 1327 570 1388 autem
594 1343 672 1386 cum
697 1324 848 1387 exercitu
871 1343 933 1387 suo
956 1325 1075 1387 statim
1102 1326 1169 1389 iter
1193 1328 1271 1388 arri-

99 1416 186 1500 puit.
234 1407 359 1492 Quodb
395 1433 473 1476 cum
502 1411 778 1477 Mediolanenses
807 1412 999 1489 viderent0,
1031 1413 1272 1495 cogitaverunt

376 1568 592 1634 Codaprretli
612 1566 779 1618 Libellus
801 1569 996 1623 tristitiae.

99 1662 288 1728 Mediolani
311 1663 348 1724 in
371 1681 433 1725 sua
448 1661 577 1725 virtute
601 1664 637 1725 et
659 1663 832 1744 potestate
855 1661 992 1724 habere.
1039 1661 1132 1725 Dum
1156 1666 1272 1726 autem

99 1753 148 1816 sic
173 1753 346 1846 serperent
369 1752 405 1814 et
428 1750 594 1833 populum
617 1749 816 1831 gravissime
839 1750 1057 1833 oprimerent,
1086 1751 1272 1835 imperator

100 1840 287 1904 ascendens
317 1839 354 1901 in
383 1840 532 1920 quodam
562 1838 665 1921 podio
695 1857 774 1901 cum
798 1836 956 1902 Guidone
986 1839 1111 1903 comite
1141 1841 1183 1903 de
1211 1839 1272 1902 Lo-

100 1928 204 1992 mello
215 1927 242 1966 Γ
261 1931 296 1992 et
330 1928 527 1991 marchione
563 1928 605 1990 de
636 1927 893 1990 Monte-ferato
926 1930 961 1990 et
991 1947 1069 1991 cum
1099 1927 1271 2010 aliquibus

99 2016 312 2101 principibus
335 2020 371 2080 et
394 2009 554 2079 baronis‘1
581 2019 703 2079 causae
731 2014 860 2079 bellum
884 2009 1059 2091 videndis,
1092 2018 1183 2099 cepit
1213 2016 1271 2078 im-

100 2108 237 2189 perator
264 2104 338 2168 alta
359 2124 442 2168 voce
473 2104 600 2168 dicere:
634 2104 736 2167 ‘Victi
760 2108 795 2168 εὴ
815 2099 982 2187 *superati
1005 2108 1087 2168 sunt
1110 2104 1370 2174 Mediola-rpan.

99 2212 236 2269 nenses,
277 2195 313 2257 et
351 2213 468 2256 omnes
506 2192 618 2256 habeo
656 2193 693 2254 in
730 2212 808 2256 mea
843 2195 1016 2275 potestate
1052 2196 1086 2257 et
1120 2193 1270 2257 virtute'.

100 2281 256 2345 Domnus
287 2285 403 2345 autem
428 2279 541 2345 Guido
571 2283 612 2345 de
636 2280 791 2345 Lomello
822 2286 857 2344 et
887 2282 1040 2345 marchio
1070 2283 1112 2345 de
1140 2282 1271 2345 Monte·

99 2371 212 2434 ferato
227 2371 390 2433 dixerunt
405 2370 620 2453 imperatori:
648 2369 814 2447 ‘Domine
840 2371 1018 2432 nundumg
1036 2370 1170 2433 vidistis
1186 2369 1271 2432 mili·

99 2461 186 2522 tiam
214 2457 430 2523 Mediolani’.
477 2458 523 2521 Et
551 2459 739 2542 imperator
768 2459 857 2522 irato
888 2459 1002 2522 animo
1033 2459 1121 2521 dixit
1152 2462 1272 2522 contra

100 2568 174 2613 eos:
205 2547 338 2610 ‘Nonne
361 2547 461 2611 video
485 2567 549 2630 ego
572 2546 699 2610 milites
723 2546 912 2612 Mediolani
937 2548 1163 2623 disconfictos‚
1187 2568 1272 2611 mor·

99 2640 179 2699 tuos
209 2640 246 2700 et
275 2635 473 2700 vulneratos
507 2639 543 2699 et
577 2635 716 2717 fugatos
747 2639 783 2700 et
813 2637 981 2719 dispersos
1017 2657 1077 2719 per
1106 2636 1207 2700 villas
1237 2640 1272 2700 et

101 2745 239 2808 campos
263 2727 298 2789 et
320 2743 461 2788 nemora
484 2727 520 2788 et
543 2745 603 2808 per
626 2722 703 2788 loca
726 2725 885 2788 deserta?
931 2725 976 2787 Et
1003 2724 1106 2788 multi
1135 2726 1205 2789 iam
1228 2726 1272 2788 ad

102 2814 279 2877 civitatem
307 2811 493 2895 fugerunt,
525 2813 734 2897 increpando
763 2816 798 2875 et
825 2814 1052 2897 vituperando
1083 2834 1149 2890 eos,
1181 2813 1272 2897 ipsos

101 2902 208 2966 etiam
241 2905 419 2983 tamquam
454 2904 629 2984 suspectos
664 2902 805 2965 habens.
861 2901 1016 2983 Cumque
1050 2902 1137 2964 talia
1168 2902 1273 2966 verba

93 2991 265 3067 dicerent,
304 2989 432 3054 milites
463 2991 621 3066 seniores,
653 2991 712 3072 qui
742 2993 841 3054 erant
870 2991 907 3052 in
937 2991 1079 3066 insidiis,
1112 2989 1272 3052 asclerati

102 3080 332 3143 ascenderunt
361 3099 463 3162 super
493 3080 667 3160 quandam
695 3081 825 3142 costam
853 3082 889 3142 et
912 3078 1084 3160 gradatim
1108 3081 1143 3142 et
1167 3081 1271 3142 cater-

101 3160 235 3231 vatimh
270 3187 347 3230 cum
376 3167 470 3230 tubis
501 3170 536 3231 et
565 3168 737 3250 tympanis
772 3170 806 3231 et
837 3186 915 3230 cum
944 3166 1021 3230 aliis
1051 3167 1157 3249 signis
1188 3166 1272 3230 belli

94 3255 304 3319 sonantibus
329 3259 364 3318 εὴ
383 3256 542 3320 omnibus
557 3256 726 3319 militibus
742 3254 920 3319 Placentie
945 3258 980 3319 et
995 3254 1110 3320 Brixie
1135 3257 1170 3319 et
1194 3274 1272 3317 cum

100 3344 188 3419 aliis,
220 3345 279 3426 qui
304 3344 447 3428 dispersi
471 3348 570 3408 erant
593 3364 653 3428 per
677 3364 823 3428 campos,
855 3343 1009 3436 collectis
1033 3344 1077 3408 ad
1101 3343 1272 3408 carosium

101 3453 218 3497 versus
248 3434 490 3515 imperatorem
522 3437 737 3516 perexerunt.
795 3432 942 3496 Videns¹
980 3437 1096 3496 autem
1127 3452 1183 3496 eos
1213 3433 1271 3494 im-

101 3525 239 3604 perator
262 3524 298 3584 et
320 3520 373 3583 illi
397 3541 514 3585 omnes
543 3522 602 3603 qui
626 3542 703 3584 cum
727 3541 767 3585 eo
792 3525 900 3597 erant,
933 3525 968 3585 et
999 3521 1147 3585 clamore
1176 3520 1271 3584 facto

101 3713 124 3758 s)
137 3707 288 3753 solumodoA.
330 3711 353 3757 b)
368 3711 490 3759 emerutrrri,⁸
504 3707 585 3752 Sedu.
627 3712 648 3757 c)
657 3709 765 3751 viderunt
774 3711 800 3753 A.
842 3709 865 3761 (l)
879 3713 986 3759 strupra
995 3712 1062 3760 p.41,
1078 3721 1129 3759 rag.
1170 3711 1273 3757 e)stcP,·

102 3763 130 3802 eri
145 3766 200 3812 (pro
215 3763 289 3813 c‘s)B.
342 3764 405 3810 sssis
418 3764 450 3810 Ρ)
471 3760 570 3803 uidendo
583 3764 609 3805 B.
664 3765 803 3812 prtem.
857 3765 881 3810 h)
896 3765 1165 3813 etcatsuppleriexP,
1184 3764 1272 3812 ΜΒ)

100 3817 158 3866 quod
173 3816 267 3865 codron.
281 3818 392 3865 scripsisse
406 3817 460 3854 milit
469 3827 601 3864 persuasum
615 3820 651 3858 est.
705 3818 721 3864 1)
736 3815 844 3857 videntes
859 3818 883 3860 P.

102 3975 129 4040 1)
150 3975 214 4027 Vere
232 3977 336 4042 quidem
355 3982 417 4028 turre
435 3979 523 4029 estitit
543 3977 631 4028 Guido
649 3992 731 4028 omnes
752 3977 783 4027 de
800 3976 925 4040 Lomello,
951 3983 981 4028 ut
1004 3983 1106 4028 coastat
1128 3992 1161 4028 er
1184 3977 1272 4042 diplo-

101 4053 170 4097 mate
188 4047 325 4098 Frr'derici
342 4047 365 4101 I.
391 4048 417 4102 d.
436 4049 462 4102 tt.
483 4050 561 4113 1164,
586 4047 639 4101 Iul.
659 4050 693 4102 25
717 4047 770 4112 (St.
788 4049 873 4111 4022)
899 4049 963 4099 dcto
987 4048 1123 4111 fratribus
1142 4048 1269 4112 Guidcni,

102 4117 235 4180 Guifredo
252 4125 276 4169 et
294 4119 393 4183 Rufino
412 4119 549 4170 comitibus
571 4120 602 4170 de
620 4118 745 4172 Lomello.
782 4118 834 4169 Sed
858 4133 932 4169 remo
954 4125 1063 4185 praeter
1082 4118 1272 4182 Codcprtettum

103 4189 249 4238 Guidorrern
268 4191 297 4239 ire
312 4190 416 4256 proelio
435 4190 600 4241 Carccnertsi
616 4191 708 4254 fuisse,
734 4205 815 4255 neque
839 4191 946 4240 omnino
964 4189 1033 4239 hunc
1050 4190 1081 4238 ire
1099 4189 1174 4240 bellis
1191 4188 1271 4239 Lom-

101 4259 219 4310 bardicts
237 4275 293 4310 rem
311 4261 392 4325 eyisse
405 4261 439 4311 at
450 4261 585 4311 alterutra
599 4267 680 4327 parte
691 4261 823 4311 traditum
838 4266 882 4311 est.
914 4260 1117 4312 Memorandum
1128 4266 1166 4311 est
1177 4260 1272 4310 Arena·

101 4331 193 4380 tisiam
211 4331 284 4384 Pice.
299 4331 393 4382 Gibell.
412 4331 506 4398 ubique
523 4332 652 4395 Guifredi
668 4333 771 4383 comitis
788 4333 819 4383 de
836 4331 954 4382 Lomello
972 4346 1064 4382 nomen
1079 4345 1132 4397 pro
1152 4331 1272 4381 Guiclrne

99 4416 245 4467 scripsisse.
