2932 4936
180 1020 415 1132 GESTA
444 1019 772 1129 rnonnlol
802 1022 836 1129 Ι.
871 1023 1351 1135 IMPERATORIS

320 1181 393 1290 IN
430 1179 916 1290 EXPEDITIONII
955 1181 1200 1293 SAORA.

293 1364 340 1446 Ut
361 1379 428 1444 iarn
450 1401 550 1462 supra
566 1353 602 1462 pi
620 1386 718 1444 6-9.
740 1379 948 1462 exposuimus,
972 1380 1009 1445 in
1023 1388 1154 1462 utroque
1170 1381 1273 1448 codice
1294 1381 1365 1448 Ge?

178 1476 297 1535 storurn
312 1468 462 1534 Ferlerici
484 1468 521 1532 in
536 1467 733 1532 Lornbarclia
755 1468 801 1533 eis
823 1468 1008 1535 subiunctus
1030 1476 1075 1535 est
1097 1470 1219 1536 libellus
1242 1473 1279 1537 de
1303 1494 1352 1537 en-

172 1558 333 1640 petitione
361 1578 456 1623 sacra
478 1555 642 1621 Friclerici
664 1557 695 1638 J,
727 1556 778 1623 cui
799 1557 1031 1624 inscribebatur
1054 1559 1161 1624 Gesta
1184 1561 1350 1626 Federioi.

185 1647 227 1713 Ut
248 1667 321 1712 oero
344 1645 395 1712 lie
418 1645 540 1711 libellus
562 1645 602 1709 ab
625 1644 701 1710 aliis
728 1645 833 1711 Gestis
855 1646 1019 1712 Friderici
1041 1647 1250 1730 discernatur,
1278 1650 1353 1715 baie

178 1735 267 1800 titulo
289 1737 384 1801 uerbo
407 1737 445 1798 in
468 1735 684 1820 expeditione
708 1756 805 1800 sacra
832 1734 1049 1801 adinnairnus.
1100 1738 1166 1818 Quo
1190 1736 1292 1802 libello
1317 1737 1353 1803 in

179 1827 306 1906 edendo,
336 1845 406 1889 onrn
435 1823 543 1888 nullus
571 1822 656 1888 alius
684 1825 780 1890 eaden
808 1846 908 1890 nanu
930 1824 1066 1906 sanutus
1095 1847 1164 1891 earn
1188 1826 1353 1892 continens

178 1934 320 1994 umnam
342 1912 524 1994 innotuerit,
549 1914 633 1992 quocl
646 1912 793 1994 dolernus,
818 1915 927 1978 eaolern
942 1915 1003 1978 auo
1019 1914 1213 1997 enernploria
1228 1921 1352 1981 tanturn

179 2002 268 2068 nobis
296 2000 436 2068 subsidio
465 2007 548 2082 sunt,
579 2000 692 2081 quibus
721 2000 757 2066 in
784 2004 1029 2084 reconnoscenclo
1058 2002 1218 2084 anteriore
1249 2003 1352 2070 libello

178 2091 230 2156 usi
252 2113 370 2173 sranius,
394 2091 529 2156 alterurn
550 2089 693 2155 uidelicet
715 2089 831 2156 coelicis
853 2090 1014 2155 Rouliani

285 2182 334 2263 A)
352 2181 446 2245 coclea
462 2178 661 2245 bibliotbeeae
676 2179 802 2244 Brerue
817 2179 864 2243 M
866 2179 1152 2245 ecliolanensis
1167 2181 1237 2245 AF
1250 2189 1280 2245 9.
1300 2189 1350 2264 30,

179 2290 259 2335 saec.
286 2270 322 2333 X
329 2269 405 2334 VII
407 2290 421 2350 ,·
448 2268 582 2333 alterurn
605 2268 823 2350 apocrapbanc
845 2267 961 2334 coelicis
988 2268 1231 2351 Codaynelliani
1254 2271 1353 2335 niniis

178 2361 367 2440 mendosum,

284 2448 333 2530 B)
358 2448 453 2512 coclea
476 2444 675 2510 bibliothecae
684 2443 832 2526 publicae
848 2445 949 2510 Pari
955 2445 991 2510 si
997 2467 1071 2511 nae
1094 2448 1167 2510 Lat.
1184 2467 1235 2511 nr.
1253 2453 1350 2530 4931,

179 2537 256 2600 ricbr.
280 2557 361 2600 saec.
387 2534 498 2614 XIII,
522 2533 548 2612 f.
568 2528 801 2597 laod—107⁰.

286 2623 398 2687 Etiarn
419 2622 529 2705 peiore
559 2622 623 2687 loco
651 2643 703 2686 res
725 2628 852 2687 nostrae
874 2630 949 2688 sunt
971 2623 1007 2688 in
1029 2623 1125 2688 leuius
1148 2623 1245 2688 libelli
1267 2631 1352 2690 teatu

173 2714 324 2794 parando
347 2732 442 2793 quarn
464 2710 501 2775 in
523 2711 622 2776 altero
644 2713 772 2776 eslenclo.
818 2712 1007 2794 Eaenplurn
1021 2713 1054 2776 A
1077 2712 1161 2777 enirn
1183 2712 1353 2778 dimidiam

179 2807 302 2866 tanturn
317 2806 445 2884 partera
468 2799 565 2865 libelli
588 2799 732 2882 continet,
762 2799 887 2882 reliqua
909 2807 1004 2883 parte
1025 2801 1256 2884 proculdubio
1285 2802 1353 2867 iarn

179 2913 200 2954 a
222 2888 372 2972 scriptore
395 2888 510 2955 coelicis
528 2887 688 2954 Rauliani
711 2889 837 2954 omissa.
884 2890 1056 2955 Praeterea
1078 2889 1232 2955 librarius
1254 2891 1352 2956 nincis

179 2979 342 3062 neoleoens
365 2977 551 3061 compluries
577 2979 734 3043 nonnullo
756 2979 851 3043 acrba
873 2985 909 3043 ut
929 2978 966 3043 in
989 2980 1087 3044 altero
1111 2978 1212 3044 libello
1236 2980 1350 3061 onisit,

179 3068 247 3132 alia
269 3068 351 3132 rnale
374 3068 461 3150 lecta,
490 3068 580 3147 foecle
610 3074 758 3149 corrupta
787 3067 1014 3149 transscripsit.
1060 3067 1198 3133 Dernnrn
1220 3090 1293 3134 aero
1315 3069 1352 3134 in

179 3158 235 3222 boc
251 3155 353 3222 codice
368 3155 533 3221 eaorcliurn
548 3155 645 3221 libelli
661 3157 761 3239 plane
785 3155 942 3221 diversunt
965 3178 986 3220 a
1008 3156 1124 3222 coelicis
1138 3156 1172 3220 B
1188 3156 1352 3240 prina'pio

179 3245 308 3327 turoicla
331 3267 368 3310 ac
392 3251 532 3310 contorto
555 3243 697 3309 oratione
720 3243 928 3327 consanotun
951 3251 1004 3327 est,
1029 3266 1099 3310 eura
1124 3251 1233 3310 auctor
1255 3246 1353 3314 libelli

179 3332 410 3415 simplicissimo
432 3332 630 3416 inpolitoone
650 3353 791 3398 sermone
813 3355 890 3398 usus
912 3333 962 3415 su,
986 3340 1021 3399 rt
1035 3335 1169 3399 alterunr
1185 3337 1350 3415 quendam,

179 3422 283 3487 neseio
312 3443 356 3486 an
379 3421 525 3503 Raulern‚
555 3421 657 3486 libello
686 3421 820 3486 introitu
849 3428 921 3504 opto
951 3423 1072 3488 carenti
1102 3423 1159 3488 boc
1188 3423 1353 3488 eaorclinnr

173 3509 366 3593 praellnsse
388 3517 417 3575 et
432 3509 632 3593 prinaninrn
654 3509 835 3575 lamentasse
858 3517 1020 3592 appareat.
1067 3512 1112 3575 Et
1131 3532 1201 3576 curn
1215 3511 1272 3577 boc
1289 3512 1353 3577 loco

180 3600 254 3665 libri
277 3598 410 3664 breoioti
432 3604 533 3664 tentus
560 3597 719 3679 ¹cenninus
746 3604 883 3664 mutatus
905 3599 955 3680 sit,
980 3599 1096 3681 parcns
1126 3599 1210 3681 locis,
1241 3600 1354 3680 quibus

179 3695 279 3754 tentus
294 3688 480 3754 Raalianus
499 3693 528 3752 et
547 3686 733 3769 Codaynelli
746 3686 836 3752 solito
852 3687 955 3769 rnoyis
977 3688 1061 3753 inter
1075 3710 1107 3753 se
1131 3687 1292 3770 differunt,
1317 3688 1354 3753 in

180 3778 272 3843 (labio
284 3777 526 3859 relinquendurn
537 3782 590 3857 est,
606 3782 676 3841 uter
686 3796 762 3841 aero
778 3775 916 3842 auctoris
926 3777 1021 3841 uerba
1030 3778 1192 3858 praebeat.
1226 3778 1354 3842 Horurn

180 3868 317 3932 locorurn
340 3865 424 3931 binis
448 3865 600 3931 colurnuis
622 3864 775 3931 institutis
797 3871 962 3946 utrunque
985 3871 1101 3931 tentione
1124 3866 1276 3931 (lodiucus.

285 3956 336 4019 Ac
352 3975 429 4018 sane
444 3954 526 4018 rnale
541 3953 702 4020 nobiscurn
717 3960 821 4019 aetarn
836 3960 922 4036 esset,
939 3953 1004 4018 nisi
1019 3953 1154 4033 feliciter
1165 3953 1351 4037 contiyisset,

179 4050 214 4108 ut
236 4043 304 4107 alia
326 4042 470 4124 subsidia
492 4043 582 4108 nobis
603 4042 813 4109 subvenirent.
849 4043 942 4107 Inter
957 4063 1037 4124 qnae
1050 4043 1158 4125 prinu
1175 4043 1239 4108 loco
1255 4043 1352 4107 norni-

180 4134 317 4212 nanclus,
347 4131 402 4213 qui
429 4131 495 4196 iarn
521 4131 558 4196 in
580 4133 679 4196 altero
702 4131 805 4196 libello
828 4133 945 4196 edendo
969 4131 1046 4196 bono
1070 4131 1160 4196 nobis
1182 4132 1257 4196 usui
1279 4131 1351 4212 fuit,

286 4220 331 4304 P)
356 4220 532 4285 Annalista
548 4220 756 4286 Placentinus
776 4219 955 4286 Gibellinus
977 4219 1013 4284 in
1036 4220 1138 4285 codiee
1153 4220 1264 4285 Musei
1278 4220 1353 4284 Bri·

180 4308 303 4374 tannici
325 4316 513 4391 asservatus,
537 4331 607 4374 eninr
622 4309 756 4374 coelicern
777 4308 1059 4390 Ooclaynelliannnr
1081 4310 1177 4374 nrnlto
1195 4308 1354 4374 oneliorern

180 4418 275 4479 quarn
289 4399 323 4463 B
338 4397 547 4480 euscripserit,
570 4398 703 4463 neultnrn
724 4397 806 4477 facit
827 4400 872 4462 acl
892 4418 984 4461 ueros
1007 4397 1152 4463 lectiones
1169 4396 1353 4480 Coctaonelli

181 4489 422 4568 connascendos
453 4485 597 4567 anamais
625 4485 662 4551 in
692 4485 930 4551 transcribendo
960 4484 1061 4550 libello
1094 4487 1249 4566 quaedam
1280 4484 1352 4550 orni·
