2932 4936
194 425 229 478 48
301 421 425 477 GESTA
443 420 625 475 FEDERIGI
642 420 665 478 I.
684 419 949 476 IMPERATORIS
967 420 1010 474 IN
1027 418 1269 476 LOMBARDIA.

107 605 396 672 1161.0bsiderunt
426 604 525 681 illud,
557 623 677 687 capere
706 624 777 667 non
808 608 1012 688 potuerunt;
1044 606 1078 669 et
1106 604 1219 667 multa
1242 604 1292 668 ibi
1315 625 1367 669 cx-

194 694 459 777 pandideruntr,
488 693 611 775 quibus
636 691 764 756 cibaria
786 694 935 774 quesisse
960 693 1160 757 debuerant.

131 804 184 845 noc.
301 782 419 845 Mense
442 782 559 863 itaque
583 781 676 844 Maio
705 782 927 863 congregavit
954 782 1141 865 imperator
1164 782 1291 845 iterum
1316 801 1366 845 ex-

97 892 131 940 *n
139 893 184 934 ora.
195 871 340 934 ercitum
378 890 542 953 magnum
582 872 617 934 et
656 870 849 934 devastavit
884 865 1020 933 *blavas
1054 869 1367 934 Mediolanensium

195 959 285 1022 circa
309 959 485 1023 civitatem
507 978 615 1040 usque
637 958 675 1021 in
697 958 837 1022 fossata.
884 959 931 1022 Et
958 962 1043 1022 tunc
1072 959 1164 1042 cepit
1187 959 1301 1022 Adam
1324 960 1367 1023 de

193 1046 388 1110 Paradino1
411 1050 446 1110 et
469 1047 648 1130 suspendit
672 1067 767 1123 eum;
798 1050 834 1111 et
863 1068 972 1109 unum
996 1049 1038 1111 de
1062 1047 1167 1110 Moris
1191 1048 1261 1111 iam
1284 1051 1367 1111 ante

194 1136 429 1219 suspenderat.
481 1135 612 1199 Eodem
647 1155 781 1217 quoque
813 1156 930 1200 mense
961 1135 1063 1200 electi
1098 1139 1179 1199 sunt
1214 1136 1257 1200 de
1285 1157 1367 1198 una·

195 1244 329 1306 quaque
353 1224 516 1307 parochia
539 1224 689 1287 civitatis
721 1225 788 1287 duo
816 1225 972 1288 homines
1004 1228 1039 1288 et
1070 1224 1111 1288 de
1140 1224 1270 1288 eisdem
1296 1228 1365 1289 tres

195 1313 237 1377 de
271 1331 476 1395 unaquaque
498 1315 625 1396 porta,
662 1333 808 1394 quorum
838 1334 928 1376 unus
959 1333 1022 1395 ego
1052 1312 1118 1389 fui,
1155 1313 1213 1394 qui
1245 1314 1368 1377 ceteris

194 1404 378 1485 preessent,
408 1405 450 1464 ut
480 1421 598 1464 eorum
628 1401 770 1465 arbitrio
801 1422 938 1464 annona
968 1405 1004 1465 et
1026 1402 1145 1464 vinum
1173 1404 1209 1464 et
1236 1421 1367 1466 merces

193 1491 425 1554 venderentur
447 1493 483 1553 et
506 1490 652 1572 pecunia
675 1493 796 1553 mutuo
820 1491 976 1567 daretur;
1005 1491 1097 1572 quod
1120 1490 1155 1552 in
1180 1489 1368 1572 perniciem

195 1579 345 1642 divitatis
367 1598 505 1642 versum
528 1581 589 1642 est.

102 1691 184 1739 nuos.
301 1666 427 1730 Postea
449 1686 582 1748 quoque
606 1667 750 1731 octavo²
773 1667 828 1730 die
847 1667 1006 1749 Augusti,
1033 1686 1111 1730 cum
1135 1666 1247 1730 esset3
1269 1667 1368 1730 iuxta

194 1754 440 1838 Melegnanum
470 1775 548 1819 cum
578 1756 731 1819 exercitu
756 1776 827 1830 suo,
859 1756 1014 1838 premisit
1037 1755 1203 1837 quosdam
1226 1754 1364 1832 militae,

194 1846 230 1908 et
252 1845 502 1907 inchoaverunt
525 1843 672 1927 prelium
696 1845 740 1907 ad
763 1837 936 1907 casinumb
964 1843 1116 1907 Tharne1
1140 1843 1230 1906 circa
1252 1864 1368 1928 vespe

193 1953 258 1996 ras.
305 1932 470 2014 Egressus
493 1936 545 1996 est
569 1936 686 1996 autem
709 1933 876 2016 populus⁰
905 1933 978 1996 sine
1001 1933 1113 2008 armis,
1139 1927 1301 2013 quidam(1
1323 1934 1366 1996 de

194 2021 362 2084 militibus
387 2024 422 2084 et
445 2019 619 2104 peditibus
644 2041 722 2083 cum
745 2022 848 2084 armis
872 2022 1043 2098 exierunt;
1073 2025 1108 2084 et
1132 2022 1215 2083 dum
1238 2041 1368 2105 pugna-

192 2113 271 2174 rent
294 2110 343 2172 ibi
366 2109 403 2171 in
418 2110 483 2186 via,
508 2110 693 2192 imperator
709 2128 787 2173 cum
803 2110 955 2174 exercitu
970 2130 1031 2173 suo
1047 2109 1236 2192 paulatim⁰
1257 2109 1368 2192 prelio

472 2265 686 2329 Godaquelli
707 2264 872 2316 Libellus
894 2266 1089 2319 tristitiae.

107 2359 288 2442 1160scopi
315 2362 351 2421 et
380 2358 534 2421 comunis
557 2357 747 2421 Mediolani
776 2359 850 2422 sine
880 2358 996 2440 aliqua
1027 2358 1300 2422 contradictione
1330 2361 1368 2422 et

196 2447 340 2510 Oarcani
368 2450 518 2510 castrum
547 2446 774 2510 reddiderunt
798 2450 833 2511 et
857 2448 1027 2510 dederunt
1051 2447 1307 2531 archiepiscopo
1330 2450 1368 2511 et

143 2579 185 2628 (20)
196 2536 333 2599 comuni
355 2534 545 2598 Mediolani
556 2533 577 2595 ⁵.

107 2635 185 2686 1161.
302 2625 404 2686 Anno
421 2623 590 2686 dominice
605 2623 852 2686 incarnationis
868 2623 1029 2688 MOLXI.
1054 2652 1148 2689 mense
1165 2637 1258 2703 itaque
1270 2635 1367 2689 Madio

132 2703 186 2742 Maf-
196 2706 373 2775 congregavit
393 2705 543 2774 imperator
561 2705 720 2758 virorum
739 2707 890 2760 exercitum
907 2724 1039 2774 magnum
1058 2711 1086 2760 et
1104 2706 1255 2760 devastavit
1272 2707 1367 2760 blavas

195 2775 442 2830 Mediolanensium
461 2777 534 2830 circa
553 2776 690 2829 civitatem
709 2794 796 2845 usque
813 2777 842 2830 in
854 2776 987 2844 fossaten
1006 2781 1035 2830 et
1052 2781 1119 2830 tunc
1137 2779 1210 2847 cepit
1222 2777 1314 2831 Adam
1330 2777 1366 2831 de

196 2847 333 2900 Paradino
359 2851 387 2900 et
411 2865 497 2900 unum
522 2848 556 2901 de
574 2845 661 2901 Moris
687 2851 715 2900 ct
738 2848 879 2917 suspendit
904 2865 970 2903 eos.
1007 2848 1114 2902 Eodem
1139 2865 1247 2917 quoque
1271 2865 1367 2902 mense

99 2931 132 2980 *p
140 2933 186 2974 ste.
196 2918 276 2972 electi
287 2921 351 2970 sunt
363 2917 397 2971 de
410 2934 573 2986 unaquaque
591 2918 735 2987 *parochia
747 2919 863 2972 civitatis
876 2919 952 2972 duos
972 2915 1096 2972 homines
1114 2924 1167 2972 eis
1183 2925 1238 2972 tres
1251 2919 1285 2972 de
1298 2936 1367 2972 una-

195 3006 303 3058 quaque
320 2994 401 3058 porta
419 2990 574 3059 eiusdem,
592 2989 706 3042 arbitrio
725 3006 860 3057 quorum
879 3006 968 3043 anona
986 2995 1014 3043 et
1031 2991 1125 3044 vinum
1144 2994 1172 3044 et
1183 3007 1287 3044 merces
1299 3007 1367 3043 ven-

195 3061 326 3116 derentur
342 3065 369 3114 et
380 3059 637 3130 peccuniam'utuoh
649 3061 772 3127 daretur;
786 3061 860 3128 quod
872 3062 901 3114 in
910 3061 1061 3129 perniciem
1071 3061 1187 3114 civitatis
1196 3078 1306 3114 versum
1316 3065 1366 3117 est.

301 3132 402 3186 Postea
420 3149 528 3201 quoque
547 3136 643 3185 octavo
664 3130 725 3186 diei
744 3131 872 3201 Augusti,
891 3149 955 3186 cum
974 3136 1096 3185 esset-
1110 3163 1143 3170 —
1163 3133 1289 3185 omnibus
1307 3132 1369 3185 aliis

194 3203 335 3258 restitutis.

195 3365 216 3409 a)
231 3363 261 3401 sie
270 3363 296 3404 A.
350 3363 374 3410 b)
387 3363 418 3402 sic
428 3363 454 3404 A.
464 3363 494 3411 ΡΙ·
508 3363 620 3401 cassinum
633 3364 659 3404 B.
714 3365 735 3410 c)
748 3363 779 3401 sie
789 3364 820 3412 Β,·
834 3364 890 3402 deest
904 3365 930 3405 Α,
985 3361 1008 3412 d)
1022 3361 1113 3413 quidam
1127 3363 1273 3402 -exierunt
1288 3373 1329 3405 om,
1338 3364 1366 3413 B,

195 3417 231 3454 sed
246 3417 343 3454 mactata
356 3417 408 3454 haec
422 3416 486 3454 habet
499 3417 523 3457 P.
565 3418 585 3456 el
599 3417 629 3454 sic
638 3417 664 3458 B.
674 3418 705 3465 ΡΙ·
719 3418 775 3455 deest
784 3417 811 3458 Α.
851 3417 870 3464 s)
882 3418 913 3455 sic
923 3418 997 3456 Pcum
1007 3419 1039 3466 A,·
1054 3418 1161 3456 fossatum
1170 3417 1196 3458 B.
1237 3419 1259 3464 g)
1273 3417 1330 3455 deest
1339 3417 1369 3467 B,

195 3470 265 3517 suppl.
279 3479 306 3507 erc
319 3470 343 3511 Ρ,
353 3469 379 3511 Α.
434 3468 458 3520 h)
471 3469 502 3507 sic
516 3469 537 3507 P
548 3480 594 3507 cum
609 3470 641 3517 A;
655 3470 679 3509 in
693 3469 737 3508 illis
751 3469 777 3512 B.
831 3469 848 3516 i)
861 3471 932 3518 suppl.
946 3481 973 3509 eu
986 3471 1007 3509 P
1017 3472 1075 3517 (cum
1089 3472 1132 3520 A),·
1146 3471 1202 3508 deest
1216 3471 1241 3512 Β.

196 3611 223 3676 1)
240 3611 280 3662 De
297 3611 425 3662 Palatino
449 3611 489 3662 oel
513 3611 622 3662 Palatio
646 3618 755 3662 uocatur
779 3613 809 3663 iu
833 3613 964 3663 codicibus
990 3612 1092 3664 Ottonis
1116 3612 1241 3663 Moreuae
1261 3628 1290 3677 p.
1305 3613 1368 3665 631.

195 3684 223 3748 2)
240 3683 291 3734 Die
302 3684 373 3747 Auq.
385 3685 411 3736 8.
431 3682 478 3732 boc
492 3683 625 3748 proelium
638 3683 804 3733 conmissum
815 3698 868 3734 esse
879 3685 959 3733 etiam
974 3684 1012 3736 W.
1026 3684 1057 3734 de
1071 3682 1242 3747 Giesebrecht,
1258 3681 1369 3736 ‘DKZ.'

200 3755 230 3819 V,
246 3770 276 3820 p.
289 3755 341 3807 292
354 3769 392 3819 sq.
410 3755 514 3817 statuit,
535 3753 593 3804 licet
606 3752 664 3804 Otto
677 3753 747 3807 Mor.
764 3771 791 3820 p.
805 3755 866 3808 633.
885 3754 955 3804 diem
970 3754 1041 3819 Aup.
1052 3756 1077 3807 7.
1096 3755 1216 3804 indicare
1233 3753 1369 3818 maneo,

196 3825 294 3876 oblitus
317 3825 403 3875 dicere
427 3824 585 3890 colloquium
610 3824 657 3875 hoc
682 3826 724 3875 die
747 3831 876 3876 statutum
902 3827 1019 3890 sequenti
1040 3825 1082 3876 die
1107 3826 1190 3888 fuisse
1209 3823 1367 3877 habendum.

196 3896 223 3961 3)
240 3894 304 3947 Scil.
323 3896 479 3960 imperator.
568 3894 596 3959 4)
614 3894 672 3946 Otto
690 3895 761 3949 Mor.
781 3896 799 3949 l.
820 3897 836 3949 l.
862 3893 897 3946 ad
922 3894 1054 3946 cassinum
1073 3893 1195 3947 Guazine
1220 3892 1255 3945 de
1273 3892 1369 3946 Aliate

195 3967 381 4032 imperatorem
406 3966 532 4031 impetum
557 3967 647 4029 fecisse
665 3966 737 4031 dicit,
765 3965 900 4017 cassinum
919 3964 1055 4016 Thomsdi
1078 3967 1137 4016 alia
1163 3967 1293 4017 occasione
1319 3966 1370 4016 sub

195 4053 221 4090 a.
236 4038 314 4091 1158.
334 4042 525 4102 commemorat,
545 4038 579 4091 ib.
595 4055 624 4103 p.
639 4039 699 4091 605.
771 4038 798 4102 5)
817 4038 917 4089 Contra
936 4053 1061 4104 expressa
1079 4037 1157 4089 rerba
1175 4037 1292 4088 auctoris
1311 4036 1368 4087 Me-

195 4108 367 4173 diolanensis,
387 4109 435 4174 qui
451 4109 516 4158 dicit
534 4108 742 4160 Mediolanenses
757 4108 908 4160 Carcauum
926 4123 1018 4174 capere
1035 4124 1088 4159 uon
1104 4109 1228 4174 potuisse,
1249 4107 1369 4172 Codapu.

196 4179 259 4229 laec
276 4181 413 4230 ementitus
430 4185 474 4231 est.
513 4180 554 4243 Cf.
569 4179 626 4232 Otto
639 4179 708 4230 Mor.
729 4180 746 4232 l.
760 4179 777 4233 l.
793 4197 821 4246 p.
835 4181 896 4242 628,
917 4181 964 4244 qui
981 4185 1081 4230 narrat
1099 4178 1307 4230 Muliolaueuses
1325 4179 1372 4230 die

195 4251 266 4315 Aup.
280 4252 323 4304 20.
342 4252 441 4314 infecta
452 4266 482 4302 re
494 4267 512 4300 a
523 4257 611 4301 castro
623 4252 763 4303 recessisse.
801 4251 895 4301 Simili
905 4250 982 4301 niodo
999 4251 1070 4301 alter
1081 4250 1217 4312 falsarius
1228 4249 1368 4314 (Daniel),

196 4338 270 4387 pium
290 4322 366 4375 Galo.
379 4322 506 4372 Flamma
523 4328 625 4373 secutus
642 4328 687 4386 est,
708 4320 806 4375 Cicron.
822 4322 887 4374 mai.
908 4321 925 4374 l.
944 4321 961 4374 l.
979 4337 1006 4387 p.
1020 4322 1080 4387 676,
1100 4321 1165 4371 dicit
1182 4320 1230 4371 ltoc
1247 4325 1372 4371 cadram

195 4393 238 4442 die
256 4393 326 4458 Auq.
346 4395 389 4447 23.
408 4409 426 4444 a
446 4393 580 4444 Galeaneo
598 4393 689 4443 comite
707 4391 829 4455 fabuloso
846 4397 953 4459 captum
971 4407 1031 4443 esse.
