2932 4936
189 343 224 395 34
295 336 421 393 GESTA
438 334 620 391 FMDERIOI
637 334 661 392 Ι.
680 334 946 390 IMPERATORIS
964 335 1007 390 IN
1025 334 1269 392 LOMBARDIA.

99 511 290 628 ffibeate
314 520 423 584 Marie
454 518 581 601 egressi
608 521 692 581 sunt
713 517 989 583 Mediolanenses
1014 518 1223 582 decivitate
1247 519 1369 583 discal-

148 610 273 674 ''ciati
308 629 387 672 cum
420 607 523 670 nudis
558 606 697 670 ensibus
732 607 769 668 in
798 626 904 669 manu
934 610 970 671 et
1000 627 1078 670 cum
1108 607 1368 691 archiepiscopo

191 698 321 763 Oberto
352 717 430 759 cum
459 695 617 758 crucibus
642 695 769 758 etalio
793 695 884 758 clero
908 699 943 758 et
965 696 1192 760 reddiderunt
1215 715 1251 760 se
1275 696 1367 780 ipsos

191 790 227 851 et
243 786 430 849 civitatem.
470 782 515 846 Et
537 783 609 866 ipse
632 784 763 866 recepit
787 803 844 847 eos
868 787 903 847 et
927 783 1101 848 osculatus
1118 787 1170 847 est
1186 803 1245 848 eos
1261 788 1367 868 atque

191 875 234 938 de
257 872 373 936 banno
398 872 554 948 extraxit,
580 875 616 936 et
639 872 792 955 captivos
808 871 1038 954 Papiensium,
1063 871 1122 954 qui
1146 875 1247 936 erant
1269 873 1367 937 mille

191 966 227 1026 et
256 961 350 1024 ultra
360 961 380 1038 1,
411 960 531 1024 reddia
557 961 652 1025 fecit.
699 959 745 1023 Et
774 963 814 1023 ut
844 960 943 1024 firma
971 961 1062 1024 inter
1092 980 1209 1024 omnes
1233 962 1368 1045 Longo·

190 1043 335 1113 bardosb
363 1069 429 1133 pax
451 1049 573 1113 exinde
595 1052 782 1124 teneretur,
808 1049 970 1132 precepit.
1017 1049 1063 1112 Et
1085 1049 1151 1132 ipsi
1175 1054 1367 1132 posuerunt

191 1137 356 1203 vexillum
384 1138 601 1221 imperatoris
631 1139 668 1200 in
697 1137 787 1200 turri
816 1136 954 1200 maioris
981 1136 1134 1214 ecclesie,
1165 1157 1231 1221 que
1263 1138 1367 1202 altior

192 1230 266 1291 erat
289 1226 447 1290 omnibus
471 1226 615 1291 edificiis
638 1225 912 1308 Longobardiess.

297 1315 490 1398 Imperator
512 1335 602 1391 vero,
627 1316 710 1378 dato
734 1308 920 1378 exercitui‘1
940 1318 1103 1391 comeato,
1129 1315 1270 1379 secessit
1290 1315 1367 1379 Bol-

191 1425 315 1468 aanum
344 1424 423 1467 eum
451 1403 585 1467 familia
614 1423 676 1466 sua
707 1406 742 1466 et
765 1402 814 1466 ibi
837 1403 936 1466 stetit
959 1407 1036 1467 octo
1060 1404 1148 1480 dies;
1180 1407 1215 1467 et
1246 1408 1368 1487 postea

191 1493 347 1558 ascendit
363 1492 574 1555 Modoetiam
597 1494 633 1555 et
655 1490 705 1554 ibi
728 1494 880 1554 moratus
904 1495 957 1554 est
979 1491 1057 1575 plus
1079 1495 1158 1556 octo
1174 1491 1306 1569 diebus,
1332 1497 1368 1558 et

190 1582 239 1645 ibi
262 1581 348 1645 fecit
372 1579 589 1643 concordiam
612 1598 690 1642 cum
705 1579 937 1643 Martensibus
961 1584 996 1644 et
1020 1580 1259 1664 Sepriensibus
1284 1582 1369 1646 data

192 1670 239 1732 eis
263 1669 412 1732 maxima
434 1668 614 1751 pecunia⁰;
640 1671 676 1732 et
699 1668 747 1732 sic
772 1667 1055 1750 derelinquerunt
1078 1669 1366 1748 Mediolanenses,

192 1757 316 1840 quibus
339 1757 537 1820 iuraverant
561 1759 596 1820 et
619 1756 744 1838 quibus
760 1756 1069 1821 innumerabilibus
1085 1757 1273 1840 parentelis
1290 1779 1368 1823 con·

191 1846 302 1909 iuncti
325 1838 441 1908 sunrf.
479 1843 524 1907 Mt
549 1845 644 1908 dedit
668 1845 716 1908 eis
741 1845 901 1908 comitem
926 1843 1172 1922 Gozonumss·²,
1197 1865 1300 1929 quem
1323 1849 1367 1912 de

191 1934 261 1998 illis
285 1932 506 1997 comitatibus
530 1933 717 1997 investivit.
763 1933 889 1997 Postea
919 1934 1087 1998 decedens
1110 1934 1191 1999 inde
1214 1936 1368 2018 perrexit

470 2106 686 2172 Codayneiii
707 2106 874 2157 Libellus
896 2106 1085 2160 tristitiae.

190 2199 321 2265 vellent
355 2199 598 2283 imperatorem
631 2218 881 2275 mansuescere,
918 2201 954 2262 et
982 2201 1024 2261 ut
1053 2219 1155 2263 omne
1191 2201 1294 2265 decus
1330 2207 1368 2267 et

98 2309 327 2360 septaomnem
350 2289 516 2352 honorem
537 2287 737 2369 imperatori
759 2287 921 2363 inferent,
953 2298 982 2351 in
1007 2298 1154 2354 festivitate
1178 2300 1258 2354 beate
1276 2300 1367 2356 Maria

191 2371 292 2440 egressi
317 2374 381 2424 sunt
405 2370 440 2425 de
464 2370 575 2424 civitate
600 2369 749 2422 discalciati
774 2386 837 2422 cum
861 2370 942 2422 nudis
967 2370 1077 2423 ensibus
1101 2371 1131 2423 in
1153 2388 1237 2423 manu
1256 2376 1284 2424 et
1303 2389 1368 2427 cum

191 2441 395 2510 archiepiscopo
415 2441 518 2495 Obertc
543 2444 572 2493 et
596 2456 672 2493 cum
691 2441 743 2493 alio
763 2441 835 2494 clero
855 2456 918 2494 cum
936 2441 1063 2494 crucibus
1087 2441 1123 2494 in
1147 2441 1313 2496 manibus
1338 2448 1367 2498 et

190 2512 371 2566 reddiderunt
395 2528 424 2565 se
445 2510 517 2579 ipsos
536 2514 564 2565 et
582 2511 729 2577 civitatem,
754 2514 792 2564 ut
816 2511 1020 2579 predictum
1045 2515 1113 2579 est,
1140 2512 1365 2581 imperatori.

190 2599 228 2653 Et
245 2599 303 2668 ipse
322 2615 369 2652 eos
387 2598 501 2651 simili
518 2598 621 2652 modo
640 2599 745 2667 recepit
763 2602 791 2652 et
809 2599 918 2653 etiam
940 2589 1079 2652 nomine
1095 2590 1188 2671 pacis
1209 2602 1366 2656 obsculatus

190 2687 264 2741 fuit
287 2674 604 2758 archiepiscopum3
627 2678 662 2738 et
684 2679 833 2740 rectores
858 2676 1056 2753 Mediolani,
1088 2692 1117 2742 et
1140 2689 1266 2742 statim
1291 2688 1365 2744 Me·

192 2776 377 2829 diolanum
396 2775 430 2829 de
448 2775 539 2829 banno
558 2777 672 2828 extrasit
690 2779 718 2829 et
735 2775 912 2844 Papienses,
938 2765 997 2847 qui
1020 2758 1140 2828 eranth
1166 2766 1203 2828 in
1224 2766 1365 2832 civitate

191 2852 380 2916 Mediolani
403 2853 440 2915 in
463 2852 656 2916 carceribus
680 2866 715 2916 et
733 2867 811 2916 erant
828 2864 903 2918 mille
921 2854 1112 2935 quingenti,
1133 2865 1268 2920 reddere
1286 2866 1364 2936 secia

191 2940 219 2990 et
236 2935 360 3004 precepit
378 2938 413 2989 et
431 2935 578 3001 statuit,
597 2937 629 2988 ut
647 2933 728 2987 firma
745 2951 800 3002 pax
812 2935 910 2989 exinde
922 2939 1063 2989 teneretur
1079 2953 1142 3004 per
1160 2940 1273 2990 totam
1290 2938 1365 2992 Lon-

190 3006 364 3062 bardiam.
394 3006 551 3075 Insuper
569 3005 867 3060 Mediolanenses
884 3011 1036 3075 posuerunt
1047 3007 1177 3060 vexillum
1192 3008 1366 3077 imperatoris

190 3078 220 3130 in
237 3082 313 3131 turre
331 3077 442 3130 maioris
460 3076 581 3144 ecclesie,
601 3095 654 3144 que
673 3076 754 3130 altior
772 3080 831 3129 erat
848 3076 992 3131 omnibusi
1016 3076 1182 3134 Loubardie.

138 3161 181 3209 (15)
297 3148 453 3215 Imperator
469 3165 543 3214 vero,
568 3147 633 3201 dato
659 3147 791 3201 exercitui
816 3148 941 3216 comiato,
967 3149 1111 3216 perexit
1129 3148 1279 3202 Bolzanum
1301 3166 1366 3204 cum

191 3221 269 3273 tota
286 3218 390 3271 familia
407 3235 456 3272 sua
474 3222 502 3272 et
519 3218 559 3272 ibi
577 3218 653 3272 stetit
669 3217 759 3287 perk
779 3222 841 3272 octo
855 3219 920 3275 dies.
948 3217 1049 3272 Postea
1061 3219 1182 3273 ascendit
1194 3218 1366 3276 Modestiam

192 3289 236 3343 etl
262 3289 415 3343 morando
433 3289 472 3342 ibi
490 3289 556 3342 fecit
574 3289 748 3343 concordiam
767 3293 872 3343 caute
891 3307 954 3343 cum
967 3289 1181 3343 Martensibusm
1195 3295 1223 3344 et
1237 3291 1365 3359 Seprien·

192 3361 287 3414 sibusll
309 3359 374 3412 data
391 3360 430 3413 eis
447 3360 567 3413 maxima
584 3360 731 3428 peccunia3
757 3363 785 3413 et
809 3361 848 3414 sic
871 3360 1095 3428 derelinquerunt
1112 3360 1365 3430 Mediolanenses0,

191 3447 269 3485 cum
295 3431 393 3497 quibus
411 3431 591 3484 iuraverants
618 3434 646 3485 et
669 3431 830 3484 federati
856 3436 967 3487 erant.
1003 3432 1041 3485 Et
1066 3432 1191 3485 statim
1215 3433 1366 3500 imperator

192 3502 268 3555 dedit
280 3502 318 3554 eis
332 3501 460 3555 comitem
473 3500 624 3569 Gozonum,
643 3518 726 3568 quem
741 3501 775 3554 de
791 3501 844 3554 illis
861 3502 1055 3556 comitatibusl
1077 3504 1200 3556 statim
1219 3505 1364 3561 investivit.

191 3571 292 3626 Postea
310 3571 507 3626 descendens
525 3572 590 3626 inde
608 3572 715 3641 perexit
733 3572 855 3626 Tricium
873 3577 902 3627 et
919 3573 948 3626 in
967 3590 999 3626 eo
1017 3574 1108 3642 posuit
1127 3577 1238 3627 centum
1256 3575 1364 3644 milites,

190 3770 212 3817 a)
226 3768 292 3807 iussit
307 3769 365 3817 add,
383 3768 421 3806 sed
433 3768 474 3810 del.
489 3768 515 3809 A.
587 3767 610 3814 b)
624 3765 780 3816 logombardos
794 3769 821 3811 A.
888 3770 908 3816 e)
922 3766 1075 3817 logombardie
1088 3769 1116 3811 A,
1183 3767 1207 3816 d)
1221 3769 1324 3809 exercitu
1337 3773 1364 3812 A.

191 3821 478 3872 s)maximampecunla1n
493 3821 519 3862 A.
573 3820 591 3872 f)
605 3821 730 3860 coniunctis
745 3822 771 3863 A.
831 3823 854 3870 g)
867 3823 898 3859 sie
912 3823 938 3864 Β.
948 3823 969 3860 P
979 3823 1009 3868 (A
1023 3823 1087 3870 infra
1097 3834 1121 3870 p.
1130 3822 1180 3872 55);
1199 3823 1322 3863 Gozionum
1337 3826 1364 3866 Α.

190 3876 214 3922 h)
229 3878 279 3913 erat
291 3874 318 3915 B.
365 3875 382 3921 i)
395 3874 446 3913 aliis
460 3874 511 3915 add.
521 3874 544 3913 P.
592 3874 616 3921 k)
630 3876 686 3912 deest
700 3875 721 3912 P
732 3879 755 3911 ut
769 3875 794 3916 Α.
844 3875 860 3922 l)
875 3879 898 3914 st
907 3896 933 3904 -
942 3873 1085 3915 concordiam
1099 3877 1196 3924 supplevi
1210 3877 1270 3924 eaP,
1287 3887 1327 3918 om.
1337 3877 1364 3919 B.

191 3930 220 3975 m)
234 3929 265 3965 sie
278 3927 303 3968 f.
313 3927 345 3974 Α)
359 3928 511 3966 mercensibus
525 3929 552 3970 Β.
605 3929 629 3974 ιι)
643 3929 674 3966 sie
686 3928 710 3970 P.
720 3928 753 3975 A,
767 3927 918 3967 seribensibus
932 3929 959 3970 B.
1013 3931 1034 3977 o)
1048 3931 1079 3968 sic
1092 3930 1116 3972 Ρ.
1126 3929 1158 3978 A,-
1172 3928 1323 3968 medlolanum
1337 3931 1363 3972 B.

191 3982 214 4030 p)
227 3981 258 4019 sic
272 3981 296 4022 P.
306 3980 338 4027 Α,-
352 3981 495 4020 intrauerunt
507 3981 533 4022 B.
588 3982 611 4028 q)
625 3981 767 4020 comitatibus
781 3981 807 4023 B.

192 4159 218 4224 1)
240 4159 313 4211 Viae.
332 4158 425 4224 Prae,
445 4158 492 4212 SS.
512 4157 606 4224 XVII,
623 4175 652 4225 p.
667 4159 732 4211 674:
756 4154 864 4224 Captivi
882 4172 990 4223 quoque
1008 4156 1184 4225 Papiensium
1203 4161 1231 4211 et
1249 4158 1363 4211 aliarum

192 4227 333 4280 civitatum
351 4228 426 4280 mille
445 4231 473 4280 et
490 4229 569 4282 ultra
643 4228 670 4295 2)
689 4230 844 4281 Goewiaum
862 4230 893 4280 de
911 4229 1067 4295 Heinsberq.
1139 4231 1166 4298 3)
1183 4231 1241 4282 Hoc
1258 4232 1363 4297 quidem

191 4306 257 4351 recte
277 4299 392 4366 Codapa.
411 4302 534 4362 coniecit·
552 4299 587 4362 cf.
604 4301 677 4353 Viae.
696 4300 780 4364 Praq.
796 4317 825 4366 p.
839 4301 899 4354 674.
