2932 4936
206 421 730 480 GESTAFEDRRIOII.1MP.1N
748 423 1009 478 EXPEDITIONE
1029 423 1163 482 SAORA.
1235 428 1269 480 77

104 605 221 671 libellus
242 605 396 687 plurimis
422 604 546 687 quidem
568 606 660 670 rebus
683 605 856 687 conueniat,
886 608 942 671 sed
969 609 1059 671 modo
1089 606 1149 688 hic,
1179 608 1269 671 modo

103 695 151 759 ille
171 694 273 777 plura
295 694 343 759 oel
365 693 491 758 oeriora
518 692 695 776 tradiderit,
726 701 789 759 tres
818 695 914 759 habes
941 695 1082 760 rationes
1109 697 1154 759 ad
1179 716 1269 776 quiae·

102 783 230 848 stionem
263 783 453 848 soluendam.
510 784 578 847 Ant
606 781 690 847 enim
719 789 836 848 statues
870 786 909 848 ab
944 789 1070 849 anctore
1104 785 1269 849 Gestorum

102 872 197 936 solnm
220 893 291 936 eum
313 871 459 952 libellum,
489 892 579 953 quem
601 871 738 936 Iacobus
759 872 934 954 exscripsit,
962 872 1148 954 adhibitum,
1171 874 1227 937 secl
1248 894 1269 936 a

103 961 214 1026 Iacobo
242 960 494 1040 muhammath,
525 961 624 1024 multa
653 959 770 1024 omissa
799 982 883 1042 esse;
913 967 978 1043 ont,
1009 983 1079 1027 cnm
1101 960 1225 1043 quidem
1248 983 1269 1025 a

102 1049 213 1114 Iacobo
243 1050 399 1130 quaedam
426 1054 548 1112 murteta
570 1070 634 1113 esse
658 1049 855 1130 concesseris,
886 1050 926 1114 ab
949 1056 1075 1115 anctore
1103 1050 1269 1115 Gestorum

101 1145 202 1202 ranan
231 1138 366 1202 alterum
387 1137 482 1202 etiam
505 1137 643 1202 libellum
664 1136 860 1219 incopnitnm
888 1137 999 1204 lectum
1021 1139 1269 1220 exscriptumqne

101 1248 160 1291 esse
169 1227 193 1308 1,·
203 1226 464 1307 autsineutrnm
473 1225 530 1290 tibi
533 1225 701 1308 placuerit,
712 1227 864 1291 Iacobum
873 1226 1011 1292 libellum
1021 1226 1111 1292 illum
1120 1233 1268 1293 retracta-

100 1322 171 1396 tum,
195 1315 403 1396 intrnntatmn,
429 1317 633 1397 deprecatum
648 1315 767 1397 lepisse
783 1316 823 1380 ab
840 1322 965 1380 anctore
981 1315 1148 1381 Gestorum
1160 1316 1268 1398 penni-

100 1426 173 1468 num
200 1424 381 1485 purumque
415 1402 512 1469 libelli
545 1402 634 1468 illius
667 1409 784 1469 tentum
816 1403 993 1469 adltibinm
1024 1425 1088 1469 esse
1120 1403 1266 1469 censebis.

104 1494 191 1574 Quod
217 1498 251 1556 nt
277 1492 370 1558 lector
391 1492 458 1574 ipse
481 1491 639 1574 diiudicet,
671 1493 754 1558 hanc
775 1499 902 1575 partem
930 1492 1084 1559 Oronicae
1107 1492 1268 1575 pmapinis

99 1580 217 1663 mnndi,
241 1581 398 1662 hucusque
419 1580 575 1645 immerito
598 1581 776 1664 neplectam,
801 1581 837 1646 in
860 1604 923 1664 qna
946 1604 1023 1647 sane
1044 1582 1143 1646 multa
1158 1587 1268 1646 notatu

100 1669 286 1752 dionissima
309 1671 464 1752 lepantur,
487 1691 555 1734 rona
578 1691 648 1734 cnm
668 1669 773 1735 Gestis
795 1673 949 1736 estendere
972 1670 1059 1736 dreni.
1095 1671 1151 1736 Aa
1172 1691 1267 1752 qnam

100 1760 375 1841 recopnoscendam
398 1758 499 1823 tribus
521 1757 576 1840 qni
598 1765 723 1823 eastant
745 1759 902 1825 codicibus
923 1781 1000 1825 aurs
1023 1762 1130 1826 sum2:

203 1848 251 1930 A)
274 1847 375 1913 codice
396 1847 595 1912 bibliothecae
614 1846 839 1914 Unicersitatis
858 1848 1135 1914 Taurinensis
1154 1848 1195 1913 G.
1212 1848 1266 1911 H.

100 1942 139 1999 34
163 1933 297 2013 (Pasini
319 1958 370 2000 nr.
388 1939 469 2019 589)
494 1936 604 2017 chart,
627 1955 707 2002 saec.
726 1937 829 2002 XIV.

202 2024 236 2088 B
254 2028 287 2108 1)
312 2025 415 2090 codice
434 2024 571 2090 eirrsdem
587 2024 786 2090 bibliothecae
806 2025 1082 2091 Taurinensis
1104 2026 1206 2089 LII.
1224 2031 1266 2090 22

101 2110 231 2189 (Pasini
253 2134 304 2178 nr.
322 2117 402 2197 505)
427 2114 526 2179 chart.
550 2113 606 2193 fol.
630 2135 726 2196 man,
750 2136 830 2180 saec.
849 2114 929 2179 XV.

201 2202 236 2267 B
251 2204 287 2286 2)
317 2202 419 2268 codice
447 2201 645 2267 bibliothecae
674 2202 907 2268 Ambrosianae
936 2201 1048 2267 Medi
1056 2203 1267 2269 alanensis

99 2290 131 2354 D
155 2297 217 2355 526
241 2290 315 2372 inf„
340 2291 439 2356 chart.
463 2291 518 2370 fol.
543 2312 638 2373 man,
662 2313 741 2357 saec.
761 2292 840 2359 XV.

202 2381 257 2444 Ee
280 2380 382 2445 codice
397 2380 430 2443 A
446 2379 558 2445 Iacobi
574 2380 701 2446 cronica
723 2380 808 2445 odito
830 2388 875 2446 est
898 2403 919 2445 a
939 2380 1079 2446 Gustaoo
1095 2382 1266 2463 Acopadro

98 2467 179 2534 inter
200 2469 412 2534 Manacarta
435 2468 585 2533 historiae
601 2469 741 2552 patriae,
774 2469 887 2552 Script.
913 2470 988 2552 ΙΙΙ,
1013 2469 1068 2536 col.
1089 2475 1172 2534 1359
1189 2490 1264 2551 sqq.7

98 2557 149 2621 ubi
171 2557 248 2623 haec
270 2557 383 2622 relatio
406 2557 462 2623 col.
482 2564 711 2621 1561-1567.
736 2558 859 2641 lepitnr.

201 2681 396 2747 Berolini
419 2703 449 2746 a.
474 2684 504 2747 d.
529 2682 632 2747 VIII.
657 2683 739 2748 Idus
761 2683 925 2748 Decembr.
949 2706 980 2748 a.
1000 2690 1095 2748 1891.

738 2860 774 2926 0.
798 2860 1200 2927 HOLDER-EGGER.

98 3053 121 3118 1)
139 3053 214 3116 Quod
232 3054 337 3119 quidem
355 3053 424 3104 mihi
438 3068 598 3120 permensum
616 3053 705 3107 habeo.
738 3053 780 3116 Of.
801 3053 844 3103 ‘N.
863 3052 974 3104 Archio'
993 3053 1024 3103 X
1026 3052 1087 3118 VH,
1111 3069 1139 3119 p.
1157 3053 1209 3106 506
1226 3068 1264 3119 sq.

97 3125 121 3190 2)
139 3124 180 3176 De
191 3125 322 3176 codicibus
334 3125 391 3175 eide
408 3140 474 3191 quae
492 3125 603 3192 apposni
620 3124 663 3177 ίΝ.
676 3124 787 3175 Archiv'
799 3123 893 3190 XVII,
911 3141 939 3191 p.
952 3125 1004 3178 496
1017 3140 1072 3190 sqq.
1099 3122 1144 3174 Ibi
1160 3123 1265 3190 quidem

96 3196 206 3247 codicem
223 3195 444 3246 Mediolanensem
463 3196 516 3248 Bl
535 3197 648 3260 siquam,
668 3211 727 3246 cnm
744 3195 823 3247 coclea
838 3195 1014 3247 Taurinensis
1032 3195 1055 3248 Ι.
1075 3194 1112 3247 ΙΙ.
1132 3196 1168 3248 22
1186 3195 1264 3259 frop-

96 3273 182 3318 menta
194 3272 299 3317 tantum
310 3268 430 3318 cronicae
441 3268 578 3319 contineat.
616 3267 667 3318 Sed
684 3282 743 3317 cnm
760 3266 803 3317 hic
814 3267 969 3318 relationum
980 3267 1155 3333 expeditionis
1173 3281 1265 3318 sacrae

96 3336 163 3388 hono
181 3339 314 3402 inteprom
330 3338 456 3405 praebeat
473 3353 504 3389 ao
521 3338 606 3389 codici
623 3337 817 3389 Mediolanensi
839 3338 923 3389 multo
939 3344 1064 3405 praestet,
1090 3353 1149 3389 enm
1171 3338 1265 3404 priore

96 3408 148 3460 loeo
165 3411 252 3476 positi.
