2932 4936
197 456 324 513 GESTA
341 455 521 511 FEDERIOI
538 454 847 527 LIMPMRATORIS
864 455 907 509 IN
925 453 1164 512 LOMBARDIA.
1236 458 1271 511 43

96 645 191 717 runt,
215 645 256 704 ut
277 643 390 704 castra
406 661 427 704 a
443 639 715 704 Oareanensibus
740 615 964 704 custodirent.
1010 639 1148 703 Pedites
1172 643 1270 722 porte
1282 651 1360 706 1160.

99 729 253 795 Oumane
284 732 473 812 posuerunt
504 729 548 792 ad
571 728 766 803 Taxariam;
799 732 885 810 quea
913 730 1026 791 eastra
1055 727 1270 811 imperatoris

98 839 119 882 a
143 818 264 882 eastris
287 817 602 881 Mediolanensibus
625 837 696 880 non
719 817 897 881 distabant
919 816 977 892 ibi,
1007 816 1074 879 nisi
1103 820 1271 898 quantum

98 910 152 971 est
174 907 304 970 iactum
328 905 477 970 balliste.
514 904 696 969 Oelebrato
719 905 837 987 itaque
861 905 977 968 divino
1001 904 1113 968 offitio
1137 908 1172 969 et
1197 925 1272 968 con·

97 995 248 1060 sessione
262 995 359 1058 facta
382 997 417 1058 et
440 993 633 1077 penitentia
649 997 800 1077 accepta,
825 997 1065 1077 processerunt
1081 994 1125 1057 ad
1140 992 1272 1057 bellum

99 1104 178 1147 cum
194 1076 384 1159 earozerol‚
409 1084 501 1164 quod
523 1083 562 1145 in
584 1086 686 1146 nocte
708 1082 875 1146 fecerant.
922 1081 1060 1145 Pedites
1077 1102 1167 1160 vero,
1192 1083 1273 1164 quia

98 1172 265 1236 intererat
288 1191 419 1255 parum,
449 1171 567 1235 statim
591 1191 631 1235 ex
655 1171 722 1235 eis⁰
751 1171 891 1252 quidam
918 1170 1136 1233 intraverunt
1160 1174 1273 1234 castra

98 1261 314 1344 imperatoris
338 1263 374 1324 et
397 1263 562 1343 ceperunt
579 1259 726 1343 spoliare
742 1279 792 1323 ea.
827 1258 1020 1342 Imperator
1036 1278 1114 1321 cum
1130 1259 1272 1323 vidisset

100 1369 156 1413 eos
180 1352 339 1413 oneratos
363 1347 490 1432 spoliis.
515 1368 713 1432 progressus
738 1351 790 1411 est
814 1350 934 1410 contra
957 1366 1014 1411 eos
1038 1350 1074 1411 et
1097 1348 1140 1410 de
1156 1347 1271 1410 militi·

99 1438 164 1501 bus
192 1441 228 1501 et
255 1437 429 1521 peditibus
459 1435 529 1500 illis
559 1436 644 1500 alios
675 1436 811 1513 occidit,
843 1435 928 1499 alios
951 1434 1154 1513 vulneravit,
1187 1435 1271 1499 alios

100 1527 201 1610 cepit,
233 1525 318 1589 alios
349 1544 457 1607 usque
487 1526 532 1588 ad
556 1528 669 1589 castra
691 1544 809 1589 eorum
831 1524 977 1607 fugavit.
1026 1518 1268 1588 Oarrocerum‘l

380 1680 593 1745 Oodaqnelli
614 1680 780 1732 Libellus
802 1681 993 1733 tristitiae.

99 1773 217 1850 bant1,
248 1776 284 1838 et
315 1777 436 1837 contra
465 1774 578 1858 ipsum
608 1793 686 1856 sepe
717 1776 753 1837 et
784 1774 898 1857 sepius
929 1773 1073 1837 deierati
1096 1781 1205 1849 erant,
1237 1777 1273 1838 et

100 1863 192 1944 quod
221 1862 473 1944 iniquissimum
503 1865 538 1926 et
568 1862 806 1944 gravissimum
828 1862 966 1926 videtur
988 1864 1024 1925 εὴ
1047 1861 1154 1925 etiarn
1182 1863 1272 1926 dete-

98 1951 171 2014 rius
201 1955 262 2028 est,
294 1951 419 2014 domno
450 1951 705 2035 archiepiscopo
735 1954 771 2015 et
799 1951 878 2015 urbi
906 1950 1097 2015 Mediolani
1125 1949 1272 2014 rebelles

99 2039 137 2102 in
166 2042 335 2121 quantum
365 2042 526 2122 poterant
555 2060 616 2123 pro
645 2039 851 2122 imperatore
875 2039 1080 2103 existebant.
1129 2049 1272 2104 Celebrato

99 2140 192 2207 itaque
211 2138 304 2192 divino
323 2139 409 2193 offitio
429 2144 457 2194 et
475 2139 643 2194 confessione
661 2128 698 2190 in
719 2128 859 2212 publica
877 2128 1040 2192 concione
1060 2138 1134 2192 iacta
1152 2143 1180 2193 et
1197 2139 1272 2207 peni·

98 2228 187 2282 tentia
202 2217 244 2280 de
261 2215 396 2280 delictis
409 2237 527 2281 eorum
542 2233 662 2297 accepta,
684 2217 823 2299 agmina
839 2235 957 2280 eorum
971 2217 1009 2279 in
1024 2217 1117 2279 hunc
1133 2216 1272 2278 modum

101 2308 407 2369 construxerunt⁰:
440 2305 483 2368 In
512 2305 623 2389 prima
652 2325 800 2387 namque
831 2305 920 2369 actie
943 2307 1132 2388 posuerunt
1156 2323 1273 2367 omnes

99 2393 228 2457 milites
252 2393 512 2458 adholescentes
540 2413 647 2475 usque
674 2394 712 2456 in
734 2386 890 2456 XXXVf
923 2393 1032 2469 annis,
1065 2395 1099 2456 et
1129 2392 1273 2456 fuerunt

99 2500 243 2545 numero
278 2481 374 2546 mille
409 2482 600 2566 quingenti.
656 2483 700 2545 In
735 2483 887 2546 secunda
916 2502 996 2546 vero
1031 2481 1120 2545 actie
1155 2501 1272 2545 omnes

100 2570 229 2634 milites
251 2589 359 2652 usque
382 2571 420 2633 in
443 2571 471 2634 L
496 2571 604 2647 annis,
629 2572 688 2654 qui
710 2571 853 2635 fuerunt
873 2570 1036 2648 similiter
1058 2569 1154 2635 mille
1179 2570 1273 2652 quin-

100 2659 209 2742 genti.
255 2659 299 2721 in
321 2660 428 2723 tertia
450 2661 540 2724 actie
563 2680 680 2724 omnes
704 2659 832 2724 milites
856 2661 1014 2735 seniores,
1034 2659 1124 2722 viros
1140 2658 1273 2722 nobiles

101 2750 137 2811 et
153 2748 349 2831 prudentes,
365 2751 608 2830 cognoscentes
623 2751 794 2832 temptare
809 2748 987 2812 fortunam
1002 2747 1087 2812 belli
1103 2751 1139 2811 et
1155 2748 1271 2810 doctig

101 2834 205 2911 bello,
225 2829 274 2899 ¹“et
296 2829 461 2900 fuerunth
487 2836 593 2901 mille.
639 2837 835 2901 Placentini
857 2838 997 2918 quidem
1021 2840 1056 2900 et
1080 2836 1370 2900 Brixiensesauo.

101 2923 230 2988 milites
260 2925 298 2986 in
326 2945 397 2988 una
424 2925 533 2989 sclera
555 2926 652 2989 iuxta
674 2924 850 3009 populum,
881 2926 941 3008 qui
971 2924 1207 2988 confortarent
1237 2926 1272 2988 et

101 3016 368 3076 manutenerent
397 3013 563 3098 populum
591 3017 627 3078 et
657 3013 823 3076 auxilium
852 3016 1047 3097 prestarent
1076 3010 1203 3096 populo
1228 3013 1273 3076 ad

103 3101 274 3164 carosium
304 3103 600 3166 manutenendum
630 3105 665 3166 et
695 3102 960 3166 defendendum.
1007 3099 1083 3178 Quo
1112 3100 1207 3164 facto
1237 3104 1272 3164 et

102 3189 270 3266 ordinato,
299 3190 459 3254 asclerati
482 3191 684 3255 catervatim
705 3210 823 3254 versus
846 3190 1034 3254 exercitum
1057 3190 1272 3273 imperatoris

101 3282 321 3361 perexerunt;
338 3299 408 3341 non
423 3273 616 3343 distabanti
636 3280 728 3343 enim
743 3279 787 3342 ab
800 3279 1017 3362 expeditione
1032 3271 1270 3362 imperatorisk

101 3359 180 3450 perl
210 3368 361 3430 medium
384 3368 528 3431 miliare.

209 3453 326 3518 (lumm
356 3459 472 3520 autem
502 3457 834 3540 appropinquassent
862 3457 960 3520 iuxta
990 3459 1103 3519 castra
1132 3456 1272 3539 impera·

101 3543 196 3620 toris,
220 3544 314 3608 tubis
338 3548 374 3608 et
397 3543 472 3608 aliis
496 3545 602 3627 signis
625 3544 709 3609 belli
732 3565 793 3629 per
816 3548 930 3628 partes
953 3544 1177 3608 sonantibusn
1201 3564 1272 3627 pre·

101 3631 188 3694 lium
215 3632 390 3716 incipitur.
436 3632 566 3698 Milites
588 3653 669 3698 vero
697 3633 957 3698 adholescentes
986 3634 1096 3717 primo
1126 3631 1272 3716 prelium

103 3740 181 3783 cum
204 3721 353 3802 quadam
368 3741 494 3803 magna
517 3721 625 3786 sclera
648 3722 863 3806 imperatoris
886 3721 1075 3786 inhiarunt.
1112 3720 1273 3785 Certatur

102 3807 146 3871 ab
169 3812 316 3891 utraque
339 3812 438 3893 parte
462 3811 659 3892 gravissime
682 3814 718 3874 et
740 3810 968 3892 iniquissime;
993 3809 1096 3872 multi
1119 3809 1163 3873 ab
1181 3811 1272 3873 utra·

102 3916 168 3978 que
198 3901 297 3981 parte
327 3899 370 3962 de
400 3899 495 3980 equis
526 3902 607 3962 sunt
636 3899 780 3982 proiecti
810 3902 847 3963 et
875 3919 936 3982 per
963 3918 1122 3982 campum
1145 3899 1213 3961 huc
1237 3901 1273 3962 et

101 4035 123 4080 a)
138 4034 191 4084 qula
205 4045 263 4076 corr.
277 4034 359 4079 Murat
425 4035 449 4082 b)
463 4046 572 4074 carozsno
586 4036 613 4078 Δ.
675 4037 696 4083 o)
710 4036 832 4084 emendam
852 4040 880 4077 st.
895 4046 935 4074 sex
949 4036 976 4077 A.
1044 4033 1068 4082 d)
1081 4033 1232 4074 Cerretanum
1246 4035 1273 4076 Α.

102 4090 123 4135 e)
137 4088 305 4127 oomtltuerunt
318 4089 343 4131 P.
383 4087 444 4139 fluit
453 4089 475 4126 P
485 4090 552 4138 (quod
561 4089 701 4136 probabilius
714 4089 821 4138 videtur);
834 4089 914 4128 XXXX
928 4089 953 4131 B.
993 4090 1015 4136 g)
1028 4089 1059 4126 sic
1068 4088 1093 4128 B.
1141 4088 1165 4136 h)
1179 4098 1273 4127 numero

103 4141 153 4182 aad.
167 4141 192 4182 P.
246 4142 262 4187 i)
276 4142 307 4179 sic
321 4142 350 4189 P,·
367 4139 466 4181 distabat
478 4142 505 4184 13.
558 4142 582 4190 k)
596 4143 640 4181 nisi
654 4142 795 4190 supplendum
809 4142 899 4183 videtur.
954 4142 970 4188 l)
984 4153 1005 4190 p.
1019 4153 1047 4183 m.
1061 4140 1107 4182 mil.
1121 4150 1148 4179 ca·
1161 4141 1183 4178 P
1193 4141 1271 4188 suppl..

101 4194 145 4236 des.
154 4194 174 4232 B
187 4195 260 4242 spatio
274 4195 379 4232 dimidiae
392 4195 460 4233 lineae
473 4205 541 4234 vacuo
555 4196 637 4238 relicto.
681 4198 711 4243 m)
725 4194 801 4234 Ecum
814 4195 842 4244 B,
858 4195 931 4233 littera
945 4195 965 4233 Ε
979 4195 1046 4232 minio
1056 4194 1125 4242 picta.
1165 4194 1188 4242 n)
1202 4195 1233 4232 sic
1242 4193 1272 4241 P,·

101 4252 192 4287 senates
207 4248 237 4297 B;
252 4248 281 4295 ct.
296 4247 331 4290 ‘M
341 4245 430 4286 Arrhiv'
444 4247 508 4298 XVI,
518 4248 598 4298 pate.

103 4352 129 4419 1)
147 4353 190 4416 Cf.
210 4354 287 4408 Galo.
305 4354 440 4420 Flamma,
461 4355 560 4408 Obron.
579 4356 644 4408 mai.
664 4355 682 4409 l.
702 4355 720 4411 l.
734 4373 765 4422 p.
779 4356 844 4410 674:
868 4357 974 4408 certum
993 4355 1042 4419 est,
1061 4351 1135 4420 quod
1153 4354 1272 4405 castrum

101 4422 136 4476 de
155 4422 297 4477 Carchano
316 4426 357 4476 est
375 4423 488 4477 feudum
507 4424 710 4493 archiepiscopi
