2932 4936
177 420 210 473 18
282 414 407 470 (iussn
424 413 604 468 FEDMRICI
622 412 645 470 1.
664 413 930 469 IMPERATORIS
948 412 991 468 IN
1009 415 1250 471 LOMBARDIA.

88 614 166 667 1155,
175 598 344 661 miserunt
377 597 505 660 milites
541 601 576 661 et
610 598 743 681 pedites
779 598 923 662 duarum
959 603 1149 682 portarum,
1185 599 1351 664 videlicet

175 689 273 770 porte
298 685 450 749 Oumane
474 688 509 749 et
532 689 630 769 porte
653 684 781 761 Nove1‚
814 688 857 749 ad
885 688 1151 751 succurrendum
1174 692 1209 751 et
1233 688 1351 752 defen-

72 800 126 847 apr.
134 799 166 840 aa
176 774 328 838 dandum
352 793 427 837 eam
450 778 545 837 sexto
561 772 641 837 Kal.
658 773 787 836 Madii³
807 775 960 858 predicte
983 776 1239 840 incarnationis.
1274 777 1352 841 Rex

105 885 107 889 ¹
175 882 265 939 vero,
298 882 376 925 cum
397 882 468 925 non
490 865 605 944 posset
627 862 742 925 facere
766 865 858 944 quod
882 862 1033 946 optabat,
1066 864 1243 927 discedens
1267 865 1351 928 inde

53 944 289 1025 ansrabfitb
316 950 470 1026 Romam,
502 953 537 1012 et
566 949 616 1012 ibi
640 948 682 1012 ab
706 950 879 1014 Adrian0⁰
908 972 998 1035 papa
1025 955 1206 1015 coronatus
1231 956 1266 1016 et
1289 953 1351 1015 im-

176 1042 313 1122 perator
335 1038 450 1101 factus
474 1041 541 1113 est;
566 1040 687 1121 postea
708 1058 863 1102 reversus
887 1043 939 1102 est
962 1039 1055 1102 ultra
1078 1044 1221 1104 montes

284 1126 370 1189 Cum
404 1129 521 1189 autem
554 1145 615 1189 rex
649 1145 670 1188 a
703 1124 883 1190 Placentia
918 1123 1165 1205 discessissetl,
1206 1129 1351 1192 ducenti

176 1214 303 1278 milites
328 1217 363 1278 et
386 1213 527 1277 ducenti
550 1214 691 1298 pedites,
716 1234 862 1296 quorum
877 1217 1087 1279 mentionem
1111 1237 1214 1299 supra
1229 1215 1350 1280 habui·

176 1323 261 1379 mus,
286 1303 345 1385 qui
368 1302 463 1365 missi
484 1302 635 1378 fuerant,
659 1305 700 1364 ut
724 1303 921 1380 exercitum,
946 1305 1005 1386 qui
1028 1303 1208 1368 obsidebat
1225 1305 1350 1368 'Perdo-

175 1411 265 1467 nam,
297 1390 555 1473 quoquomodoe
584 1390 800 1454 offenderent
830 1395 866 1455 et
895 1393 1115 1476 impedirent,
1151 1392 1260 1476 primo
1292 1394 1349 1457 die

83 1505 139 1543 nair
147 1506 166 1546 1.
175 1479 284 1543 Madii
308 1478 537 1543 ascenderunt
560 1471 734 1541 montemf
755 1479 911 1544 Terdone
935 1500 1013 1542 curn
1037 1479 1208 1562 aliquibus
1224 1481 1350 1544 Terdo-

175 1568 343 1643 nensium,
367 1567 480 1629 minus
503 1569 644 1630 tameng
661 1567 700 1629 L.
739 1566 880 1630 Etcum
900 1567 949 1630 ibi
964 1572 1189 1645 morarentur,
1206 1569 1350 1652 Papien·

176 1649 250 1720 ses¹¹
277 1655 476 1738 gravissimo
501 1654 617 1718 dolore
633 1648 807 1737 perteritii
831 1656 1018 1719 cumomni
1042 1677 1103 1720 sua
1125 1656 1234 1721 forcia
1257 1659 1349 1739 equi·

175 1747 338 1808 taverunt
369 1746 404 1807 et
432 1743 530 1806 iuxta
559 1745 700 1825 pontem
729 1744 789 1825 qui
817 1743 944 1806 dicitur
967 1745 1060 1808 Petri
1086 1739 1258 1808 tentoriak
1285 1766 1350 1809 sna

176 1835 375 1915 posuerunt.
428 1825 512 1894 Sed¹
548 1851 626 1894 cum
655 1830 704 1894 ibi
738 1831 782 1894 ad
811 1852 963 1915 pugnam
991 1832 1122 1896 vellent
1152 1833 1347 1910 ascendere,

173 1919 415 1984 Guilielmusm
444 1920 597 1982 marchio
621 1919 879 1983 Montis-serati
902 1918 1048 2003 publice,
1080 1940 1124 1984 ne
1148 1922 1192 1984 ad
1216 1920 1349 1985 bellum

175 2009 439 2084 ascenderentn,
465 2007 562 2071 dedit
585 2008 633 2071 eis
658 2007 859 2070 conscilium
875 2008 1007 2072 dicens:
1035 2007 1136 2086 ‘Quid
1158 2008 1348 2072 inconsulti

176 2100 211 2160 et
233 2096 401 2160 insensati
425 2094 608 2178 cogitatis?
653 2094 824 2171 Putatis0,
849 2097 940 2176 quod
956 2097 993 2159 in
1008 2096 1250 2178 Longobardia
1265 2101 1348 2160 sunt

175 2183 332 2248 meliores
356 2187 392 2248 et
413 2184 576 2248 forciores
599 2182 693 2246 illis?
740 2182 937 2264 Siquidemi
965 2186 1007 2248 de
1029 2185 1236 2261 melioribus,
1261 2205 1348 2267 quos

174 2272 449 2337 Mediolanenses
469 2270 655 2348 habebant,
680 2270 782 2335 electi
805 2271 929 2335 sunt'*.
977 2272 1044 2336 Sed
1060 2274 1146 2336 hocq
1165 2274 1243 2336 ideo
1260 2274 1349 2338 dioe-

175 2360 245 2438 bat,
271 2362 351 2443 quia
370 2361 412 2424 de
428 2360 608 2423 voluntate
625 2360 696 2423 eius
713 2364 796 2437 erat,
821 2364 862 2423 nt
886 2361 1006 2424 civitas
1028 2361 1346 2439 rehedificareturf3

176 2453 211 2513 et
234 2450 300 2512 hoc
323 2448 424 2511 modo
452 2447 616 2511 disuasit⁸
645 2448 703 2525 eis,
735 2452 770 2512 et
798 2449 925 2512 reversi
948 2451 1029 2511 sunt
1051 2449 1285 2530 unusquisque
1308 2449 1348 2511 in

176 2537 315 2598 domum
338 2555 444 2599 suam.
486 2534 574 2597 Oum
589 2540 706 2600 autern
721 2536 849 2600 milites
866 2541 902 2600 et
917 2537 1050 2619 pedites
1067 2537 1212 2600 duarum
1234 2540 1348 2619 porta-

174 2644 260 2700 rum,
283 2623 342 2704 qui
358 2626 456 2687 erant
472 2624 585 2687 adhuc
602 2625 788 2700 Placentie,
813 2621 897 2687 hoct
920 2624 1105 2701 audissent,
1129 2625 1345 2689 timueruntu

175 2713 218 2774 de
247 2711 414 2775 fratribus
444 2712 524 2789 suis,
556 2716 591 2776 et
621 2711 842 2795 duplomatev
868 2713 923 2775 usi
951 2716 1120 2776 venerunt
1143 2713 1347 2790 Terdonam,

176 2803 211 2864 et
240 2799 368 2864 milites
393 2804 429 2864 et
451 2801 594 2884 pedites,
625 2801 684 2883 qui
714 2803 965 2883 occupaverant
995 2804 1181 2877 montemw,
1211 2803 1348 2866 remise-

174 2892 282 2952 rrmt¹
321 2889 470 2952 domum.
527 2887 573 2952 Et
607 2889 673 2972 ipsi
707 2888 924 2952 baldaciteri'
962 2892 1134 2953 steterunt
1172 2889 1221 2953 ibi
1255 2896 1341 2973 per²

48 3003 165 3053 (uasere),
175 2976 240 3040 XV
268 2978 341 3042 dies
376 2981 411 3041 et
444 2977 732 3061 obpugnaverunt
762 2975 917 3040 Sallam³
952 2980 987 3040 et
1016 2977 1090 3042 fere
1119 2978 1348 3042 obtinuerunt

288 3167 315 3236 *)
334 3168 470 3291 {Iugdffi
486 3169 620 3289 sllltffrea
638 3164 856 3220 Gamundienses
881 3170 909 3220 et
926 3166 1116 3237 Bergulienses
1142 3169 1171 3220 et
1194 3166 1275 3219 multi
1301 3167 1349 3220 alii

174 3400 196 3445 a)
211 3397 265 3437 Maii
278 3398 298 3434 A
312 3405 400 3444 semper.
454 3395 477 3441 b)
491 3396 521 3432 sic
534 3394 560 3436 A.
570 3394 594 3436 I.
608 3395 664 3436 ΑΜ,
675 3395 730 3436 Med.
742 3396 806 3443 mim
820 3393 893 3434 adhiit
906 3396 932 3438 B.
975 3398 1008 3444 c)
1022 3394 1137 3436 Hadriano
1151 3397 1182 3446 113
1198 3394 1308 3435 andriano
1322 3397 1349 3438 P.

175 3449 199 3498 d)
213 3449 341 3490 discesisset
354 3449 386 3498 A,
401 3444 480 3489 dlcess.
491 3445 747 3494 postserr.discess.B.
802 3450 823 3496 e)
837 3447 985 3497 quomodoB.
1038 3451 1193 3497 fjmontesA.
1247 3449 1310 3497 gum
1321 3450 1349 3491 Β,

175 3504 199 3551 h)
213 3504 252 3553 qui
266 3503 316 3543 edd.
330 3502 357 3543 A.
410 3500 426 3547 i)
440 3501 471 3538 sie
484 3500 504 3537 B
517 3510 608 3548 semper,
623 3502 642 3537 Α
657 3501 727 3548 infra.
781 3500 805 3551 k)
818 3512 860 3540 sua
873 3513 920 3550 pos.
935 3506 991 3544 tent.
1005 3503 1031 3544 Β,
1092 3502 1108 3549 1)
1123 3501 1168 3543 sed
1182 3523 1208 3530 -
1222 3501 1348 3542 ascendere

176 3569 216 3599 om.
231 3557 257 3598 Β.
331 3557 361 3601 m)
377 3553 509 3593 Gulllelmus
524 3553 551 3594 A.
632 3555 656 3601 n)
675 3551 839 3593 descenderent
853 3555 884 3604 A3
906 3553 1057 3604 procederent
1070 3555 1124 3597 Β.’
1177 3557 1199 3602 ο)
1213 3555 1244 3594 m
1257 3559 1305 3604 put.
1320 3556 1349 3598 A.

175 3610 199 3661 p)
213 3607 257 3650 Sed
272 3605 362 3657 quidem
376 3607 402 3648 Α.
456 3608 479 3654 q)
494 3606 550 3644 haec
565 3606 592 3648 A.
646 3606 666 3657 r)
680 3605 764 3648 redific.
779 3608 805 3649 A.
859 3607 879 3658 s)
893 3609 965 3647 suasit
978 3609 1004 3650 A.
1058 3610 1076 3655 t)
1092 3608 1149 3647 haec
1163 3606 1305 3647 audivissent
1320 3609 1349 3650 A.

175 3665 198 3711 u)
212 3664 268 3701 deest
283 3662 309 3702 B.
376 3662 399 3709 v)
415 3657 560 3707 duplamante
574 3660 600 3700 A.
667 3663 697 3708 w)
711 3665 797 3699 montes
812 3659 838 3702 A.
912 3663 936 3708 x)
951 3661 1061 3700 miserunt
1074 3661 1100 3702 B.
1168 3663 1191 3711 y)
1205 3659 1349 3701 blandaclter

175 3717 286 3755 miserunt
299 3714 331 3753 ibi
344 3714 370 3755 Β.
426 3714 445 3760 z)
459 3723 500 3761 pro
515 3713 616 3762 quinque
630 3709 709 3752 diebus
723 3713 749 3754 B.
810 3715 832 3759 a)
847 3718 964 3754 montem
979 3718 1002 3753 et
1016 3715 1119 3753 fecerunt
1133 3719 1243 3764 ceperunt
1256 3724 1306 3754 earn
1320 3715 1349 3758 Β,

176 3875 202 3940 1)
225 3875 334 3939 Equites
358 3880 382 3924 et
406 3872 506 3923 milites
525 3877 669 3938 porterum
696 3872 842 3923 Ticinensis
866 3878 889 3923 ei
917 3872 1086 3924 Vercellensis
1111 3879 1172 3923 inne
1199 3873 1350 3924 Terdennm

175 3946 269 3995 missos
280 3960 332 3995 esse
344 3944 429 3994 tradit
442 3942 500 3994 ono
513 3942 632 4007 Morene,
653 3942 701 3992 SS.
715 3942 825 4006 XVIII,
842 3960 871 4008 p.
885 3943 944 3996 595.
976 3943 1033 3994 Hos
1042 3949 1132 4009 postea
1148 3941 1203 4011 (die
1215 3944 1287 3993 Maii
1299 3943 1349 4012 30)

175 4016 212 4065 ed
229 4015 434 4065 succurrendum
453 4015 546 4065 missos
564 4028 616 4064 esse
634 4013 712 4076 infre
727 4013 824 4079 procul
835 4013 914 4064 dnbio
925 4020 991 4064 reete
1003 4013 1119 4064 relatam
1131 4020 1175 4066 est.
1236 4013 1263 4079 2)
1273 4014 1350 4065 Haec

174 4102 193 4136 a
212 4085 370 4149 Codeqnello
394 4085 489 4135 addite
512 4099 564 4135 esse
579 4090 661 4150 petet.
699 4083 790 4149 Supra
814 4084 883 4133 enim
908 4084 1007 4134 dictam
1032 4091 1069 4135 est
1093 4099 1147 4134 non
1172 4085 1228 4135 nisi
1247 4099 1351 4150 paucos

178 4156 353 4207 Terdonenses
370 4170 428 4205 cnm
446 4155 688 4207 Mediolanensibus
705 4154 797 4217 fnisse,
817 4155 895 4218 infra
911 4172 939 4221 p.
958 4155 1206 4209 30.suba.1158.
1227 4154 1350 4205 Gemen-

175 4227 276 4277 dienses
300 4232 324 4276 et
347 4226 531 4290 Berqnlienses
556 4227 586 4275 in
610 4225 727 4275 exercite
751 4225 922 4290 imperatoris
946 4232 1119 4278 recensentur.
1158 4224 1217 4276 ono
1235 4225 1350 4276 Merena

175 4299 254 4349 etiem
273 4296 321 4349 SS.
340 4296 449 4361 XVIII,
470 4313 499 4362 p.
518 4296 572 4350 594
590 4311 636 4361 sq,
663 4294 731 4345 solos
750 4294 957 4347 Mediolanenses
981 4303 1042 4346 tnnc
1059 4297 1089 4346 in
1107 4302 1192 4347 monte
1214 4296 1351 4347 Terdmeae

112 4387 115 4392 ·
175 4369 258 4432 fnisse
276 4367 367 4430 refert.
