2932 4936
198 403 323 460 GESTA
340 404 521 460 FEDERIOI
538 405 561 460 I.
580 404 847 460 IMPERATORIS
864 405 907 460 IN
924 405 1163 463 LOMBARDIA.
1236 413 1271 465 33

96 593 210 654 tatem
236 590 408 662 intrasset,
432 588 579 652 viriliter
600 590 804 653 restiterunt
828 594 863 653 et
886 591 1010 673 ignem,
1042 591 1101 674 qui
1130 594 1270 674 pontem
1283 606 1359 660 1158.

98 679 314 754 accenderat,
338 678 581 741 restinxerunt.

208 767 348 831 Interea
377 766 529 842 fuerunt,
561 768 620 848 qui
647 766 869 848 loquerentur
893 787 933 831 ea
957 788 1022 849 que
1045 768 1138 851 pacis
1163 772 1270 845 erant,

99 859 136 920 et
158 855 255 919 iacta
278 859 330 919 est
354 855 536 918 concordia
558 855 649 918 inter
672 856 913 938 imperatorem
937 859 972 919 et
988 856 1271 920 Mediolanenses.

99 944 193 1008 Talis
217 947 270 1008 est
294 943 512 1006 concordia1:
544 944 636 1026 quod
664 944 784 1008 civitas
815 948 851 1008 et
879 945 1011 1008 fossata
1033 946 1069 1007 in
1093 967 1155 1008 suo
1179 949 1273 1009 statu

100 1052 317 1117 perseverare
341 1031 523 1096 debebant.
570 1031 617 1094 Et
639 1033 825 1115 imperator
848 1032 997 1096 debebat
1021 1033 1148 1098 habere
1173 1053 1274 1116 super

100 1121 254 1206 personis
279 1124 315 1185 et
336 1121 438 1184 rebus
462 1141 580 1184 eorum
603 1141 668 1202 que
693 1125 917 1185 consueverat
940 1122 1066 1186 habere
1091 1143 1111 1185 a
1135 1126 1274 1187 centum

101 1210 201 1274 annis
224 1214 326 1273 retro.
373 1208 419 1272 Et
450 1210 491 1273 de
522 1210 587 1273 hoo
613 1209 684 1272 dati
709 1213 790 1272 sunt
812 1210 959 1273 trecenti
983 1210 1118 1274 obsides
1143 1212 1185 1275 de
1208 1230 1273 1273 rne-

101 1298 246 1362 lioribus
276 1302 311 1362 et
341 1297 567 1361 nobilioribus
596 1298 691 1361 urbis
722 1318 743 1360 a
766 1298 945 1362 duodecim
977 1298 1076 1361 annis
1107 1320 1210 1382 supra
1240 1302 1274 1362 et

101 1387 227 1470 viginti
250 1386 352 1450 infra.
398 1386 445 1449 Et
467 1407 538 1449 non
562 1386 710 1450 debebat
733 1387 858 1450 morari
882 1387 1026 1450 interra
1042 1388 1274 1451 Mediolanen-

102 1477 192 1540 sium
214 1476 308 1538 ultra
329 1479 400 1538 tres
425 1475 528 1539 dies2.
575 1475 729 1558 Septima
752 1495 833 1557 ergo
850 1476 905 1539 die
920 1476 1047 1539 mensis
1064 1475 1274 1559 Septembris
1285 1498 1340 1546 sar.
1349 1499 1367 1538 r.

102 1565 168 1628 hec
199 1564 382 1627 concordia
410 1564 526 1627 factaa
560 1564 640 1626 fuit.
696 1564 742 1626 Et
777 1562 888 1627 altera
921 1565 976 1628 die
1011 1565 1048 1627 in
1082 1564 1367 1635 festivitatesepes.

381 1719 593 1784 Codaqnelli
614 1718 779 1770 Libellus
803 1721 996 1773 tristitiae.

104 1813 220 1877 conati
244 1815 325 1875 sunt
348 1812 477 1875 intrare
502 1812 693 1888 civitatem;
719 1832 821 1894 quem
843 1816 984 1896 pontem
1001 1812 1275 1876 Mediolanenses

105 1900 337 1965 conbuserunt
361 1903 396 1964 et
419 1900 638 1983 quamplures
654 1901 691 1962 in
707 1901 847 1964 civitate
864 1900 1078 1977 clauserunt;
1104 1905 1139 1965 et
1155 1900 1276 1963 multi³

104 1990 142 2052 in
163 1990 294 2053 fossaio
321 1990 437 2053 necati
465 1993 555 2066 sunt,
588 2004 622 2054 et
647 2001 758 2068 quidam
784 2002 887 2069 opressi
905 2018 921 2053 a
940 2002 1028 2069 turba,
1055 2019 1117 2055 cum
1142 2001 1277 2054 intrarent

104 2076 222 2141 ponam,
240 2073 342 2125 mortui
360 2075 431 2127 sunt.

214 2148 366 2231 Cumque
396 2149 581 2231 imperator
610 2149 752 2212 vidisset
782 2149 958 2212 civitatem
991 2151 1056 2212 hoc
1086 2149 1187 2211 modo
1217 2168 1331 2231 perui)

106 2239 175 2301 vim
198 2236 295 2300 nullo
319 2238 420 2300 modo
444 2237 570 2301 habere
594 2257 658 2301 nec
681 2256 842 2320 superare
866 2257 973 2319 posse,
998 2238 1164 2319 quosdam
1187 2237 1277 2299 viros

106 2325 283 2408 religiosos
307 2326 349 2390 de
372 2345 456 2409 pace
480 2327 717 2409 componenda
739 2329 889 2389 tractare
906 2325 1001 2388 iecit.
1048 2336 1086 2390 Et
1104 2341 1188 2389 tunc
1206 2337 1279 2389 fecta

107 2413 149 2462 est
170 2425 238 2477 pax
262 2412 297 2462 et
315 2408 461 2461 concordia
478 2409 551 2462 inter
568 2410 762 2476 imperatorem
781 2411 809 2461 et
826 2407 1045 2461 Mediolanenses
1069 2409 1135 2460 hoc
1160 2407 1276 2460 modo:

108 2496 259 2551 scilicet
286 2497 360 2564 quod
388 2497 481 2549 civitas
505 2496 707 2550 Mediolani
735 2501 763 2551 et
787 2497 888 2550 fossata
918 2486 1033 2548 omnia
1063 2483 1213 2547 civitatis
1244 2486 1280 2547 eb

108 2574 294 2650 districtus,
325 2567 422 2637 locab
450 2577 486 2637 et
510 2573 654 2637 castella
676 2578 712 2637 et
734 2594 851 2638 omnes
881 2574 1105 2637 fortitudines
1130 2572 1279 2636 civitatis

108 2675 138 2727 in
156 2691 204 2727 suo
224 2677 296 2727 statu
313 2690 398 2742 parm
406 2690 513 2727 onere
532 2678 566 2727 et
585 2679 681 2727 stare
701 2675 870 2742 debebant03
895 2668 930 2726 et
946 2663 1035 2727 aives
1052 2682 1169 2726 omnes
1185 2661 1279 2724 urbis

108 2750 298 2815 Mediolani
322 2754 357 2814 et
379 2751 488 2814 totius
512 2750 687 2815 districtus
712 2771 828 2814 eorum
860 2772 938 2814 curn
967 2751 1125 2814 omnibus
1153 2769 1280 2833 posses·

109 2839 262 2904 sionibus
286 2843 322 2903 et
344 2839 446 2903 rebus
471 2858 588 2903 eorum
605 2844 829 2903 manutenere
853 2844 888 2903 et
911 2841 1083 2903 custodire
1108 2843 1142 2903 et
1167 2838 1280 2902 defen·

109 2929 191 2992 dere
208 2922 366 3004 debean
392 2932 427 2992 et
451 2929 543 3010 quod
566 2950 635 2991 non
654 2929 780 3012 101111θ
802 2948 858 2991 eos
875 2947 995 3010 cogere
1013 2929 1056 2990 ad
1073 2929 1280 3010 potestatem

110 3017 383 3099 accipiendam43
415 3020 451 3080 et
482 3036 560 3079 cum
584 3018 717 3080 veniret
746 3017 783 3078 in
806 3009 1035 3091 Lonbardiaf,
1067 3043 1123 3079 non
1149 3025 1281 3078 deberet

111 3121 208 3170 stare
233 3117 305 3169 ultra
328 3120 383 3169 tres
409 3116 465 3170 dies
491 3117 519 3169 in
543 3121 618 3170 terra
635 3115 792 3170 Mediolani.
837 3104 883 3166 Eli
906 3102 1181 3166 Mediolanenses
1206 3122 1280 3164 eon·

110 3197 303 3258 venerunt&
322 3194 353 3257 ei
370 3194 451 3257 (lare
468 3197 504 3257 et
518 3194 633 3258 facere
650 3213 690 3257 ea
705 3193 829 3266 omnia,
855 3221 907 3271 que
927 3203 1061 3270 aliquis
1078 3203 1281 3271 imperator

112 3280 257 3330 acentum
281 3276 358 3328 annis
383 3274 505 3329 infrah
534 3277 712 3328 habuerat
737 3280 771 3328 et
797 3273 915 3328 heberei
941 3278 1127 3329 consueverat.
1162 3272 1200 3326 nt
1217 3289 1280 3339 pro

111 3347 172 3401 hac
191 3347 374 3400 concordia
392 3346 688 3400 Mediolanenses
707 3346 887 3400 dederunt
905 3346 935 3399 ei
952 3349 1103 3398 trecentos
1122 3345 1229 3397 obsides
1248 3344 1281 3395 de

111 3418 270 3471 melioribus
288 3421 317 3471 et
334 3419 512 3471 nobilioribus
531 3419 614 3474 urbis.
652 3418 774 3486 Septima
797 3422 913 3470 autem
932 3417 976 3469 die
994 3417 1094 3468 mensis
1114 3414 1282 3483 Septembris
1293 3425 1347 3471 seps
1356 3424 1375 3464 1,

112 3506 164 3560 hcc
191 3506 338 3560 concordia
364 3506 437 3559 facta
463 3507 523 3562 fuit.
569 3507 666 3559 Altera
692 3523 775 3560 vcro
804 3507 860 3574 die,
896 3514 973 3557 cnm
1008 3492 1282 3557 Mediolanenses

113 3671 136 3714 a)
150 3671 185 3706 est
199 3667 257 3716 add,
275 3667 313 3706 eea
326 3667 366 3709 del.
381 3668 407 3709 A.
474 3668 497 3714 b)
515 3669 565 3706 loca
579 3667 718 3706 —civitatis
736 3667 833 3714 stippleci
846 3676 873 3703 en
887 3666 911 3712 P,
931 3666 973 3707 des.
987 3666 1014 3712 B,
1034 3675 1098 3712 neque
1115 3673 1165 3701 nero
1184 3663 1284 3700 dribiiare

114 3723 169 3769 lieet,
187 3722 238 3769 quin
252 3721 304 3758 han
318 3732 332 3758 a
348 3720 477 3768 Codaonello
491 3722 573 3768 scripta
586 3722 636 3768 sint,
656 3732 703 3758 cum
721 3721 766 3757 eius
779 3720 849 3757 indoli
863 3720 953 3766 stiloque
969 3719 1055 3756 omnino
1070 3717 1201 3763 conueniant,
1221 3716 1283 3761 intro

113 3784 195 3823 quoqne
205 3785 229 3821 p.
239 3775 272 3815 51.
285 3775 332 3822 tere
346 3775 419 3811 eade-m
434 3775 461 3812 ab
476 3784 499 3811 ea
514 3775 604 3821 repetitu
617 3775 668 3821 sint,
683 3774 710 3811 ab
720 3777 807 3810 anctore
816 3772 923 3809 Gibeliino
933 3772 1056 3808 Placentino
1070 3771 1192 3817 neutiquam
1207 3768 1284 3805 addita-

114 3828 260 3875 aeceperunt.
315 3829 335 3873 c)
348 3828 454 3876 sieRA‚·
468 3825 566 3866 debeant
579 3828 605 3868 B.
660 3825 683 3875 (1)
697 3825 780 3865 debent
792 3827 818 3866 B.
873 3827 894 3871 e)
908 3825 1017 3873 possetP.
1071 3819 1284 3873 f)10mbardiam1³.

114 3883 137 3930 g)
150 3880 181 3919 sia
194 3880 225 3929 P;
239 3881 388 3919 conuenirent
400 3881 426 3921 B.
481 3881 504 3927 h)
519 3881 576 3919 citra
589 3881 613 3921 P.
667 3880 684 3930 i)
698 3890 757 3920 cons.
772 3879 823 3920 heb.
837 3878 858 3915 P
868 3889 916 3915 erent
930 3879 956 3918 A.

117 4023 143 4088 1)
171 4022 381 4074 Instrumentun
409 4024 498 4088 pacis,
532 4023 608 4072 euius
638 4021 799 4072 condiciones
828 4026 922 4070 auctor
953 4019 1022 4070 inale
1053 4019 1194 4079 recensuit,
1229 4017 1286 4068 uide

115 4092 253 4146 Rabeuin.
272 4092 328 4158 III,
348 4094 400 4154 47,·
425 4094 482 4146 LL.
501 4093 541 4157 II,
557 4095 580 4157 1,
602 4109 630 4158 p.
646 4093 696 4146 109
709 4107 747 4156 sq.
838 4091 865 4155 2)
889 4091 972 4142 Instr.
995 4091 1072 4156 pacis
1098 4088 1115 4142 l.
1136 4089 1153 4141 l.
1176 4105 1205 4153 p.
1220 4089 1285 4140 110:

116 4163 193 4216 Datis
212 4167 304 4215 autem
322 4162 461 4215 obsidibus
481 4165 508 4214 et
527 4161 646 4229 captivis,
672 4161 758 4212 altera
783 4159 826 4212 die
844 4160 889 4211 vel
906 4159 991 4211 tercia
1009 4161 1143 4212 exercitus
1162 4157 1196 4209 ab
1216 4156 1285 4208 obsi-

116 4234 198 4287 dione
215 4233 334 4287 recedet.
424 4237 451 4300 3)
472 4235 670 4285 Teutonieorum
690 4233 867 4297 Codaonellus
884 4232 940 4282 ruit
958 4231 1083 4295 intelleyi.
1170 4229 1197 4293 4)
1215 4228 1287 4278 Haec

116 4307 234 4359 condicio
251 4306 323 4369 falso
341 4305 430 4370 effecta
448 4311 486 4356 est
503 4321 536 4356 en
553 4320 580 4356 eo
597 4305 667 4370 quod
684 4310 777 4354 creator
790 4303 997 4354 Mediolanensis
1015 4302 1093 4364 infra
1107 4316 1137 4366 p.
1150 4302 1193 4353 35.
1212 4299 1284 4362 dicit,

116 4384 210 4429 contra
224 4377 398 4445 priuileqium
415 4377 566 4428 concordiae
583 4376 651 4441 ipsis
666 4380 819 4441 potestatem
836 4375 870 4425 ab
888 4376 1048 4440 imperatore
1065 4372 1179 4424 institui.

1057 4481 1074 4531 3
