2932 4936
197 415 322 472 ensal
340 414 520 470 FEDERICI
537 415 562 472 Ι.
580 414 847 470 IMPERATORIS
865 414 909 469 IN
927 414 1165 471 LOMBARDIA
1237 419 1273 472 47

209 599 362 682 Oumque
393 599 569 663 stetissent
598 598 648 661 ibi
676 601 754 682 post
781 597 914 662 bellum
936 598 1014 680 plus
1037 602 1116 662 octo
1140 599 1270 677 diebus,
1283 612 1361 666 1160.

98 689 227 754 reversi
256 691 338 751 sunt
368 688 508 751 domum
538 690 573 751 et
604 685 808 751 castelluml
832 705 952 770 capere
980 707 1050 749 non
1073 690 1399 770 potueruntmuaro).

209 777 277 841 Sed
300 775 393 839 intra
415 779 493 839 octo
518 776 591 840 dies
614 779 734 859 postea
757 778 853 838 ortus
876 779 930 839 est
952 775 1042 858 ignis
1058 779 1200 840 ventoso
1217 777 1399 847 diamasa).

99 867 138 929 in
168 866 268 929 domo
299 863 487 928 Latranchi
518 863 620 928 Oanis
651 865 694 928 de
724 867 825 947 porta
853 863 1009 928 Cumana
1038 868 1074 928 et
1104 864 1274 928 combusit

101 955 224 1019 exinde
246 955 359 1017 totam
383 953 561 1017 civitatem
584 956 619 1017 et
642 955 777 1036 portam
796 953 988 1016 Romanam
1010 973 1118 1035 usque
1142 954 1186 1017 ad
1208 953 1273 1017 fos·

101 1046 216 1107 satum
245 1044 281 1105 et
311 1042 533 1106 medietatem
567 1045 666 1125 porte
695 1041 899 1117 Ticinensis,
935 1044 1068 1124 partem
1102 1043 1144 1106 de
1174 1045 1275 1125 porta

101 1131 298 1196 Vercellina
321 1133 357 1195 et
380 1150 497 1194 omnes
521 1131 638 1194 domos
654 1129 727 1193 fere
743 1149 850 1211 usque
867 1130 912 1192 ad
928 1131 1127 1193 domoruma
1147 1130 1272 1207 solum;

100 1223 137 1284 et
161 1220 325 1284 eomodo
349 1219 538 1282 amiserunt
553 1218 728 1282 victualia.
775 1218 858 1281 Post
881 1238 1008 1301 paucos
1028 1219 1100 1283 dies
1117 1218 1274 1283 consules

100 1307 291 1372 Mediolani
321 1311 510 1391 posuerunt
533 1306 660 1370 milites
684 1309 824 1371 centum
847 1307 884 1368 in
908 1305 1045 1383 Orema3
1064 1307 1114 1370 in
1137 1306 1273 1391 Aplano

100 1396 229 1460 milites
259 1399 294 1461 et
324 1397 457 1480 pedites
487 1396 525 1458 in
548 1396 682 1459 Mozate
710 1395 779 1458 iam
802 1398 884 1459 ante
907 1399 1103 1479 posuerant.
1149 1395 1274 1460 Postea

99 1485 379 1568 archiepiscopus
401 1485 546 1548 intravit
561 1484 740 1548 Varixium
763 1504 842 1548 cum
865 1487 1005 1548 centum
1027 1484 1213 1561 militibus;
1238 1487 1274 1548 et

101 1576 290 1638 tenuerunt
305 1574 461 1638 Arsizate
484 1576 520 1637 et
543 1572 721 1635 Indunum
745 1575 779 1636 et
803 1566 1061 1636 Blandronurnb
1090 1576 1125 1637 et
1148 1573 1274 1637 hiema-

100 1665 226 1726 verunt
249 1662 299 1726 ibi
322 1665 358 1726 et
380 1661 530 1725 multum
554 1661 750 1744 Seprienses
774 1664 1026 1745 oppresserunt.
1285 1698 1371 1747 W,

191 1744 327 1815 ¹“Mense
350 1770 431 1814 vero
454 1751 573 1814 Martii
597 1753 762 1833 ceperunt
785 1749 942 1815 obsidere
965 1749 1215 1814 Castessionum
1238 1753 1273 1815 et
1284 1754 1361 1807 1161.

97 1858 164 1923 *per
184 1842 297 1903 totam
320 1839 617 1922 quadragesimam
647 1858 754 1920 usque
783 1839 828 1902 ad
856 1839 947 1903 diem
970 1838 1114 1903 Veneris
1138 1839 1268 1902 sanctie
1283 1823 1412 1924 ffliliv'

379 1993 593 2060 Oodoynelii
614 1993 778 2046 Libellus
800 1994 994 2048 tristitiae.

99 2080 212 2150 rium(¹
239 2087 453 2170 imperatoris
482 2107 543 2171 per
569 2087 692 2170 pedem
716 2087 758 2150 de
780 2088 884 2163 retro,
914 2087 1008 2168 quod
1036 2107 1107 2150 non
1136 2090 1273 2170 poterat
1284 2099 1362 2152 1160.

102 2195 138 2239 se
161 2176 334 2252 movere2;
367 2176 427 2239 sed
458 2176 602 2239 domnus
627 2172 741 2238 Guido
771 2175 813 2239 de
837 2173 1007 2252 Lomello,
1038 2175 1098 2257 qui
1126 2196 1204 2238 oum
1232 2196 1272 2241 eo

101 2262 223 2347 fugam
246 2267 393 2348 ceperat,
420 2267 515 2327 stans
538 2264 576 2326 in
598 2283 686 2346 equo
709 2284 771 2328 suo
793 2262 878 2326 tulit
901 2266 1000 2327 eum⁰
1029 2263 1178 2327 brachiis
1202 2264 1281 2333 suis

100 2356 138 2416 ot
160 2352 320 2416 manibus
344 2355 380 2416 et
403 2353 518 2435 posuit
541 2372 621 2416 eum
643 2372 745 2436 super
768 2352 876 2415 alium
904 2371 1039 2434 equum,
1071 2371 1173 2434 quem
1202 2353 1272 2434 qui-

100 2441 183 2504 dam
212 2442 286 2505 eius
316 2441 464 2525 armiger
492 2440 542 2504 ibi
571 2440 739 2518 habebat3
776 2443 812 2505 et
841 2441 890 2504 sic
921 2441 1140 2518 deliberatus,
1171 2442 1272 2505 ambo

99 2528 221 2612 fugere
246 2533 421 2613 ceperunt.

209 2617 394 2683 Oumenses
417 2638 507 2696 vero,
538 2618 598 2700 qui
622 2618 714 2682 evasi
737 2621 856 2694 erant,¹
878 2619 1107 2683 ascenderunt
1133 2619 1171 2682 in
1193 2640 1272 2701 quo·

99 2707 182 2769 dam
211 2710 345 2783 monte;
377 2708 564 2771 credebant
593 2708 684 2770 enirn
707 2706 756 2770 ibi
780 2727 878 2791 posse
902 2709 1045 2772 evadere
1070 2728 1091 2771 a
1113 2709 1272 2772 manibus

101 2793 423 2859 Mediolanensium.
453 2795 621 2860 Videntes
634 2799 751 2859 autem
762 2795 1035 2861 Mediolanenses
1046 2796 1137 2880 ipsos
1151 2816 1272 2880 capere

101 2902 173 2946 non
195 2904 293 2967 posse
317 2883 390 2949 sine
412 2904 539 2967 magno
563 2884 769 2948 detrimento
798 2887 937 2969 propter
960 2884 1028 2948 loci
1051 2885 1272 2968 asperitatem

84 2973 139 3058 'et
149 2971 401 3050 fortitudinem,
414 2972 575 3037 fecerunt
587 2973 749 3054 colligere
761 2973 897 3057 paleam
909 2975 945 3037 et
957 2971 1109 3036 stublam
1124 2976 1160 3037 et
1176 2973 1273 3055 ligna

98 3059 200 3123 arida
222 3063 258 3124 et
281 3065 471 3144 posuerunt
495 3054 618 3139 circas,
642 3062 821 3126 mittentes
844 3061 960 3143 ignem
982 3061 1020 3124 in
1042 3061 1135 3144 ipsis.
1170 3061 1271 3125 Unde

102 3167 145 3211 ex
166 3148 247 3230 igne
271 3152 307 3212 et
329 3149 441 3214 calore
465 3150 568 3213 multi
591 3151 778 3233 perierunt.
824 3150 1057 3233 Percipientes
1080 3170 1151 3213 non
1173 3170 1271 3233 posse

102 3237 246 3301 evadere
277 3240 312 3301 et
340 3239 503 3302 timentes
533 3240 649 3322 ignem
678 3243 715 3303 et
743 3239 834 3321 ignis
858 3238 1015 3315 calorem,
1046 3239 1272 3302 reddiderunt

97 3343 137 3388 se
159 3324 486 3390 Mediolanensibus.

207 3413 349 3478 Decimo
366 3415 421 3479 die
437 3416 563 3480 mensis
579 3415 789 3499 Septembris
806 3416 958 3500 proximo
982 3416 1155 3498 sequentis
1178 3415 1272 3479 habi·
1282 3437 1376 3486 samo.

96 3503 230 3566 tatores
255 3501 400 3566 Oaroani
429 3504 630 3568 iuraverunt
659 3508 750 3568 stare
774 3505 944 3588 preceptis
968 3505 1085 3568 domni
1109 3505 1271 3588 archiepi-

100 3710 124 3755 α)
138 3705 203 3748 dom:
213 3720 218 3748 :
227 3709 299 3749 solum
312 3711 341 3759 A,
355 3710 393 3748 uti
406 3711 462 3750 duae
475 3711 567 3760 litterae,
581 3722 636 3760 quas
648 3712 721 3751 scriba
735 3711 838 3761 correxit,
853 3715 907 3750 certe
921 3712 1094 3761 tegimentum
1112 3712 1272 3750 Domonsolum

98 3761 191 3812 Muret,
211 3763 268 3811 quod
283 3762 362 3811 affero,
381 3765 433 3812 quia
447 3764 531 3803 stultat
544 3768 564 3803 et
576 3765 703 3813 Fumayolli
720 3765 809 3812 frustra
826 3767 969 3814 quaesierint,
988 3765 1076 3803 ubinam
1094 3764 1128 3802 hic
1146 3765 1205 3802 locus
1218 3766 1272 3803 situs

99 3815 176 3864 fuerit,
191 3817 228 3864 qui
241 3827 351 3865 nunquam
365 3818 441 3859 extitit.
504 3818 528 3866 b)
542 3816 684 3857 Blandonum
698 3819 724 3859 A.
790 3820 810 3865 o)
824 3819 855 3858 sic
868 3819 950 3866 (sancti
960 3829 1005 3866 pro
1020 3817 1131 3869 sanctum)
1145 3818 1210 3855 etiam
1224 3817 1272 3856 Otto

101 3868 159 3911 Mor.
169 3869 249 3917 gatto.
263 3871 352 3908 eandm
365 3880 411 3908 rem
425 3872 621 3919 memoratorium
638 3875 748 3920 ceperunt
762 3872 821 3920 odoi„
835 3872 872 3910 sed
885 3872 926 3913 otei.
941 3872 967 3913 Α,
1022 3869 1045 3918 d)
1061 3869 1128 3912 destr.
1142 3891 1169 3899 —
1184 3875 1273 3920 poteret

97 3930 144 3964 om.
157 3922 184 3970 B,
200 3931 227 3960 ex
240 3923 261 3960 P
271 3923 343 3971 suppl.
396 3925 417 3971 e)
432 3934 482 3962 cum
496 3925 520 3966 P.
573 3925 592 3972 f)
606 3935 644 3964 eos
659 3925 709 3966 odd.
723 3925 748 3966 P.

102 4098 130 4165 1)
148 4098 273 4153 Gereoni.
362 4100 389 4167 2)
406 4100 478 4152 Noto
496 4103 577 4152 etiam
596 4101 672 4155 Galo.
691 4101 845 4151 Flammam
863 4101 926 4152 hoec
943 4116 1069 4164 narrare,
1091 4099 1189 4154 Cicron.
1208 4103 1272 4154 moi.

97 4169 121 4222 vi.
135 4168 153 4223 l.
169 4187 199 4236 p.
213 4171 275 4235 675,
294 4171 341 4221 ubi
358 4177 445 4223 temeri
463 4188 515 4223 non
535 4171 691 4237 Codaqrrelii
707 4173 888 4236 recensionem,
914 4171 958 4223 sed
976 4171 1156 4222 authenticum
1173 4177 1273 4223 testum

100 4241 133 4290 irc
149 4241 263 4306 reliquis
280 4242 431 4293 adhibitum
449 4259 502 4294 esse
519 4249 648 4310 apparet:
671 4240 827 4309 fflperator
849 4244 958 4310 turpem
976 4240 1074 4292 fatiens
1092 4240 1194 4310 fugam,
1212 4240 1272 4294 Me-

96 4308 304 4363 diolanensibus
323 4328 386 4365 eum
403 4311 617 4380 insequentibus,
637 4329 721 4380 equus
741 4312 797 4365 eius
815 4312 865 4366 viti
883 4317 927 4379 (ut
944 4312 980 4377 P)
997 4310 1068 4379 pede
1088 4328 1226 4365 connexus
1245 4315 1273 4364 et

96 4379 193 4448 aliquo
211 4398 297 4450 parvo
315 4385 439 4451 tempore
458 4383 593 4454 detentus,
611 4383 658 4437 vix
675 4383 772 4437 incidit
789 4383 818 4436 in
835 4383 961 4437 manibus
979 4382 1107 4438 hostium.
