2932 4936
72 1283 362 1388 celeusma
389 1288 624 1363 ΕΕΕΕΕΙΟΙ
644 1289 996 1362 IMPERATORIS.
1046 1289 1112 1362 ΒΕ
1140 1280 1328 1362 RllBUSb

428 1413 597 1487 GESTIS
625 1414 681 1487 IN
709 1406 1038 1510 LONBARDIAJ

404 1586 676 1672 [recuccuse
705 1589 857 1653 Ismuc
880 1582 1089 1669 nisenus.

267 1717 365 1781 Licet
395 1716 506 1798 impar
535 1715 630 1797 operi
654 1717 689 1777 et
711 1734 782 1776 non
805 1713 963 1776 sufficere
990 1733 1088 1796 posse
1111 1714 1239 1789 videar,
1270 1735 1332 1796 pro

160 1804 330 1869 facultate
359 1798 499 1867 ‘samend
532 1802 663 1884 ingenii
694 1821 734 1865 ea
763 1821 829 1883 que
851 1801 923 1864 vidi
953 1805 988 1865 et
1016 1803 1186 1866 veraciter
1215 1802 1332 1865 audivi

161 1894 205 1957 ad
220 1892 412 1957 utilitatem
427 1893 661 1975 posterorum⁰
682 1889 829 1953 scribere
850 1889 1043 1973 temptabo;
1068 1891 1216 1954 maxima
1240 1891 1332 1955 enim

279 2083 304 2151 *l
323 2082 499 2147 Caducaellas
517 2081 569 2148 (B)
585 2082 728 2148 praemisit
745 2080 816 2131 hanc
833 2080 943 2132 titulum
960 2087 984 2132 et
1002 2081 1114 2132 iadicem
1132 2083 1266 2148 capitum:

71 2231 149 2279 aas
320 2208 665 2272 LIBELLUSISTE
674 2206 994 2272 NUNOUPATUR
1003 2208 1231 2272 LIBELLUS
1241 2210 1332 2273 TRI-

321 2297 471 2362 STITIEl
496 2297 553 2360 ΕΤ
576 2296 789 2373 DOLORIS,
814 2290 1073 2360 ANGUSTIllf
1097 2297 1154 2359 ΕΤ
1177 2298 1332 2362 TRIBU-

320 2385 552 2462 LATIONIS,
582 2384 851 2450 PASSIONUM
880 2385 937 2448 ΕΤ
966 2384 1330 2450 TORMENTORUM.

463 2520 577 2576 OUIUS
595 2520 751 2576 LIBELLI
768 2521 845 2576 ΗΕΟ
864 2521 963 2576 SUNT
983 2520 1186 2578 CAPITULA.

391 2610 433 2664 De
452 2610 593 2664 obsidione
612 2609 739 2664 Terdone
760 2611 794 2663 ab
812 2611 977 2679 imperatore
995 2609 1137 2665 Federico.

391 2682 433 2735 De
453 2682 510 2734 eius
529 2681 748 2743 destructiones
764 2680 1014 2735 Mediolanensibus
1033 2684 1062 2735 et
1079 2680 1245 2735 Placentinis
1254 2683 1272 2738 ¹.

391 2752 433 2806 De
451 2752 590 2805 laboribus
609 2755 637 2805 et
655 2753 779 2820 expensis
797 2753 826 2805 in
844 2753 903 2821 ipsa
921 2753 1030 2805 civitate
1049 2752 1260 2808 rehedificandu.

390 2824 433 2878 De
452 2823 654 2877 constructione
671 2824 821 2877 multorum
839 2824 962 2877 locorum
981 2841 997 2876 a
1014 2822 1273 2879 Mediolanensibus.

390 2895 432 2949 De
451 2894 636 2948 destructione
651 2895 802 2948 multorum
815 2898 965 2947 assuerum
984 2901 1012 2948 et
1030 2895 1153 2948 locorum
1166 2895 1306 2948 Placentia
1313 2895 1330 2951 ².

390 2966 433 3020 De
451 2965 545 3020 castris
571 2966 643 3019 circe
665 2965 797 3035 triginta⁸
820 2966 850 3019 in
871 2966 941 3020 valle
967 2965 1001 3019 de
1024 2965 1140 3036 Lugano
1164 2965 1331 3020 aMediola-

319 3039 447 3092 nensibus
467 3038 552 3106 captis
571 3041 599 3091 et
617 3037 761 3090 destructis
772 3045 801 3091 ε.

390 3109 432 3162 De
457 3109 586 3177 pontibus
610 3107 730 3160 mirabili
753 3123 836 3176 opere
860 3123 942 3174 super
965 3106 1093 3161 [licinum
1118 3108 1280 3161 constructis
1304 3111 1331 3160 ct

318 3180 397 3234 factis
416 3197 432 3234 a
450 3180 709 3233 Mediolanensibus.

389 3251 431 3305 De
457 3252 551 3304 castris
576 3255 604 3304 et
628 3250 695 3303 locis
719 3249 798 3302 factis
822 3266 838 3302 a
862 3247 1113 3303 Mediolanensibus
1140 3248 1170 3302 in
1193 3248 1331 3302 Lumilina

319 3339 404 3391 usque
423 3321 644 3376 Gravadonum⁴.

389 3393 431 3446 De
450 3395 539 3445 castro
558 3392 592 3445 de
610 3392 753 3462 Vigevano
773 3394 852 3458 capto
872 3408 888 3443 a
905 3389 1163 3446 Mediolanensibus.

389 3463 432 3517 De
449 3463 580 3516 militibus
600 3466 627 3516 et
645 3462 782 3531 peditibus
800 3461 886 3531 Papio
911 3461 968 3516 fero
987 3462 1113 3516 omnibus
1132 3462 1218 3531 ceptis
1237 3478 1253 3514 a
1270 3460 1330 3515 Me·

319 3534 546 3590 uiolanensibus⁶.

159 3698 180 3742 a)
195 3695 250 3733 hanc
264 3695 425 3743 inscriptionem
439 3695 516 3733 haheat
530 3694 658 3742 B,P(imp.
672 3691 754 3744 Fred.).
822 3694 844 3742 b)
858 3695 888 3733 eie
902 3694 932 3742 P,·
952 3694 1008 3734 urbe
1022 3694 1048 3736 B.
1116 3693 1137 3742 c)
1151 3693 1203 3732 haec
1217 3693 1329 3742 iuscm'ptio

158 3749 182 3785 in
195 3748 243 3786 solo
257 3749 283 3790 Β.
338 3746 361 3795 d)
375 3749 420 3796 ing.
435 3752 510 3787 tamon
524 3749 550 3789 B.
605 3749 625 3794 e)
640 3749 696 3785 deest
710 3747 736 3788 B.
789 3747 943 3796 oengustitie
957 3747 983 3789 B.
1037 3749 1060 3796 g)
1074 3748 1209 3786 constructis
1224 3747 1249 3787 B.

160 3890 186 3953 1)
207 3891 328 3941 Terdona
346 3890 381 3941 ab
398 3891 557 3956 imperatore
574 3890 708 3940 destructa
730 3895 775 3954 est,
802 3895 832 3939 at
856 3891 887 3939 ia
912 3889 980 3940 libro
1002 3895 1146 3943 narratur.
1184 3889 1276 3940 Nescio
1292 3905 1330 3940 aa

160 3961 276 4026 Codcqa.
295 3962 432 4027 scripserit
450 3959 651 4013 constructione
670 3978 708 4011 aa
725 3959 967 4014 reconstructicne.
1004 3961 1092 4026 Neque
1110 3975 1169 4011 cero
1182 3961 1331 4010 Placentini

158 4048 216 4083 cam
240 4033 482 4097 reaedificaceraat.
555 4033 582 4098 2)
600 4032 680 4083 Nihil
698 4032 748 4082 hec
766 4032 797 4082 de
815 4047 844 4082 re
863 4033 962 4097 legitur
979 4033 1010 4082 in
1028 4033 1104 4085 libro.
1178 4031 1205 4097 3)
1227 4032 1331 4094 Vipiati

158 4109 249 4155 castra
267 4109 345 4170 capta
364 4119 429 4170 (aaa
441 4105 587 4167 destructa)
606 4118 659 4154 esse
678 4103 776 4168 iacitur
793 4104 872 4167 infra
890 4102 939 4154 sab
956 4120 981 4154 a.
997 4105 1073 4157 1156.
1146 4102 1174 4168 4)
1192 4103 1217 4153 A
1230 4102 1329 4153 Medio·

159 4175 311 4226 lamasibas
333 4175 370 4225 ad
387 4174 534 4225 Lomeliam
551 4175 747 4226 castrametatis
764 4180 854 4225 castra
872 4189 957 4239 usquo
977 4172 1171 4227 Grevadcnum
1197 4174 1330 4224 destructa

157 4261 211 4297 esse
229 4247 328 4310 lepitar
345 4247 394 4297 sub
410 4248 528 4300 a.1157.
551 4252 612 4312 post
636 4261 667 4296 ea
692 4260 758 4310 qaae
782 4245 870 4296 tribas
893 4246 1056 4310 sequentibus
1073 4247 1240 4310 amaricatis
1258 4244 1328 4294 iadi-

156 4322 262 4368 cartar.
335 4317 361 4383 ὅ)
380 4317 453 4381 Quod
472 4316 649 4382 Caiaqaeilas
666 4316 745 4379 infra
762 4315 811 4366 sud
828 4317 946 4370 a.1157.
965 4318 1099 4381 narravit,
1119 4323 1212 4367 erector
1228 4316 1328 4366 Medio·

158 4388 276 4439 lanensis
293 4386 339 4439 hoc
356 4403 409 4440 aaa
427 4388 505 4441 dixit.
