2932 4936
200 432 324 487 (insin
343 428 523 486 FEDERIOI
540 430 563 487 I.
582 429 848 486 IMPERATORIS
866 431 908 486 IN
927 431 1165 489 LOMBARDIA.
1238 436 1271 489 61

101 617 279 682 caliditate
303 615 528 698 quorumdam
552 615 678 679 habere
702 636 772 678 non
794 616 919 698 potuit.
961 615 1045 679 Post
1068 617 1153 678 heca
1179 635 1269 692 vero,
1282 631 1360 684 1167.

101 727 178 770 cum
201 707 270 768 iam
294 696 508 780 audissenti,
533 704 625 786 quod
648 703 701 765 illi
721 705 763 767 de
779 704 932 767 marchia
948 725 1026 767 cum
1042 703 1266 787 quibusdam⁰

101 793 298 859 civitatibus
334 787 596 874 Longobardied
633 792 817 867 iurassent,
855 793 1022 856 ducentos
1057 792 1192 855 obsides
1228 794 1271 856 de

100 882 327 965 burgensibus
356 881 441 943 tulit
472 884 507 944 et
538 900 594 944 eos
622 881 728 963 Papie
758 881 994 944 incarceravit.
1047 881 1138 944 Item
1168 881 1271 965 paulo

100 975 177 1056 post
206 974 345 1034 centum
370 971 432 1033 dee
460 969 629 1032 militibus
660 969 792 1052 petivit,
825 970 884 1052 qui
913 970 942 1032 si
972 969 1083 1032 altera
1112 969 1168 1032 die
1199 971 1271 1033 dati

100 1082 170 1123 non
191 1059 349 1133 fuissent,
375 1058 500 1140 burgos
524 1077 560 1121 se
584 1058 840 1121 destructurum
864 1059 1035 1120 adiutorio
1051 1058 1272 1141 Papiensinm

100 1152 135 1212 et
163 1148 395 1231 Sepriensium
424 1147 520 1209 dixit.
568 1145 636 1209 Sed
667 1146 785 1209 divina
814 1146 1008 1229 opitulante
1038 1147 1272 1210 misericordia

99 1238 248 1319 quadam
271 1235 442 1298 industria
466 1237 501 1299 et
524 1234 712 1316 sagacitate
729 1234 951 1316 burgensium
967 1236 1114 1298 maxime
1137 1235 1272 1298 tamdiu

98 1325 211 1390 verbis
241 1325 402 1387 inretitus
433 1326 494 1398 est,
526 1324 617 1405 quod
647 1317 762 1386 Deusf
794 1324 1004 1386 adiutorium
1034 1344 1134 1386 suum
1165 1324 1270 1386 dedit.

99 1414 239 1476 Interea
268 1412 453 1495 Papienses
483 1410 645 1474 conscilio
675 1411 796 1474 habito
826 1412 1001 1475 Modoetie
1032 1412 1076 1474 ad
1106 1412 1271 1494 quosdam
1280 1433 1323 1481 (as)

100 1503 142 1566 de
157 1500 386 1584 burgensibus
406 1501 503 1583 quasi
527 1501 571 1563 ad
594 1501 746 1583 privatos
763 1501 889 1563 amicos
905 1501 1048 1564 nuncios
1065 1500 1269 1581 dirigebant,

98 1594 165 1653 utg
191 1590 341 1674 pretiosa
357 1609 490 1671 queque
506 1588 648 1672 Papiam
664 1589 852 1664 mitterent,
878 1589 1004 1652 fiducia
1024 1588 1162 1673 publice
1179 1589 1270 1664 data,

98 1683 215 1742 utres
239 1682 274 1742 et
297 1698 440 1762 persone
464 1677 558 1740 salve
582 1680 705 1740 essent.
753 1677 821 1741 Sed
851 1681 971 1760 postea
999 1680 1186 1759 coegerunt
1215 1678 1271 1740 ho·

98 1769 207 1831 mines
223 1766 463 1829 habitaculum
485 1765 534 1828 ibi
557 1767 671 1829 iurare
691 1769 726 1829 et
741 1785 794 1829 res
810 1787 882 1829 non
897 1766 1127 1849 permiserunt
1142 1766 1270 1829 reduci.

100 1855 303 1939 Oquantus
334 1854 462 1918 clamor
490 1858 525 1918 et
549 1858 698 1936 quantus
725 1855 838 1930 timor,
870 1847 1045 1937 quantush
1078 1854 1181 1918 fletus
1211 1874 1272 1937 per

99 1948 247 2027 quatuor
282 1944 488 2008 ebdomadas
523 1943 560 2005 in
596 1942 712 2025 burgis
746 1943 829 2020 fuit,
865 1936 1030 2006 maximei
1065 1944 1102 2004 in
1137 1936 1269 2024 burgok

98 2034 240 2097 Noxede
271 2036 306 2096 et
334 2026 569 2114 Vegiantini¹i
616 2031 727 2095 Nemo
757 2035 844 2107 erat,
881 2032 940 2115 qui
970 2033 1113 2095 auderet
1142 2031 1272 2094 lectum

99 2123 239 2185 intrare.
280 2121 431 2184 Oottidie
455 2122 543 2184 diem
565 2123 737 2202 noctuque
762 2120 985 2184 dicebaturss:
1012 2119 1110 2184 ‘Ecce
1129 2119 1271 2203 Papien-

99 2231 151 2274 ses
167 2210 344 2274 veniuntm
366 2209 493 2291 burgos
510 2209 758 2272 comburere0i’
806 2209 955 2285 Interea,
981 2229 1058 2271 cum
1081 2209 1150 2270 iam
1168 2208 1271 2270 multi

100 2301 362 2382 errportassentp
396 2318 449 2361 res
480 2318 567 2374 suas,
600 2297 660 2360 alii
690 2299 787 2360 iuxta
817 2298 1027 2374 civitatem‘1‚
1060 2297 1119 2359 alii
1149 2297 1265 2359 iuxtae

100 2388 234 2464 Cumas,
260 2387 320 2449 alii
335 2387 529 2463 Novariam,
556 2385 616 2448 alii
631 2385 783 2469 Papiam,
801 2386 861 2449 alii
877 2386 1005 2461 Laude,
1023 2385 1084 2449 alii
1100 2386 1144 2447 ad
1160 2385 1269 2460 villas,

99 2478 269 2540 venerunt
291 2475 536 2557 Pergamenses
559 2476 708 2558 primum
731 2478 766 2538 et
789 2474 984 2538 Brixienses
1008 2477 1043 2538 et
1068 2473 1270 2538 Cremonen·
1322 2517 1324 2521 -

99 2585 151 2628 ses
175 2563 388 2627 MOLXVII.
420 2564 541 2645 quinta
570 2563 691 2638 feriar,
723 2564 844 2645 quinto
868 2562 947 2625 Kal.
972 2563 1082 2626 Medii
1109 2566 1144 2627 et
1167 2563 1373 2631 intro-arsa

99 2654 273 2716 duxerunt
296 2672 352 2716 eos
375 2652 412 2714 in
436 2652 621 2716 civitatem.
668 2652 752 2715 Post
779 2652 843 2715 hec
865 2657 945 2715 vero
971 2649 1141 2715 Galdinns
1165 2651 1270 2714 archi·

100 2741 395 2864 episcoputhqui
420 2744 494 2804 erat
518 2761 595 2803 cum
614 2761 703 2823 papa
718 2740 925 2816 Alexandro,
950 2741 1046 2804 venit
1070 2741 1190 2823 quinto
1215 2740 1270 2802 die
1281 2761 1361 2810 sepes.

100 2829 311 2912 Septembris
338 2875 345 2890 .
1157 2867 1159 2872 -

206 2918 399 3001 Imperator
418 2938 498 2981 vero
520 2918 720 2981 duodecimo
744 2918 830 2981 diem
846 2918 998 2980 eiusdem
1021 2917 1146 2979 mensis
1162 2916 1271 2978 Roma
1281 2938 1335 2986 sat,
1344 2937 1375 2978 12.

98 3006 227 3071 rediitll
267 3009 302 3070 et
336 3006 479 3089 Papiam
513 3007 621 3082 venit,
659 3009 694 3068 et
728 3006 874 3088 septimo
907 3004 1082 3068 Kalendas
1118 3004 1375 3074 eiusdemsepees.

100 3096 225 3164 mensis
243 3094 412 3158 combusit
427 3095 560 3158 Roxate
584 3097 619 3158 et
643 3094 712 3157 alia
734 3094 810 3157 loca
828 3113 935 3176 usque
952 3094 997 3156 ad
1014 3092 1271 3156 Oasternumv·¹

101 3187 136 3247 et
159 3184 273 3246 locum
297 3183 416 3246 Sancti
439 3183 542 3246 VitiW
566 3186 601 3246 et
625 3182 810 3246 Cornaleti.

377 3356 593 3421 Codupuelii
614 3354 778 3406 Libellus
801 3356 995 3411 tristitiae.

206 3442 361 3511 Imperator
378 3460 444 3496 vero
462 3442 530 3498 XII.
549 3443 593 3495 die
618 3442 739 3495 eiusdem
762 3442 861 3495 mensis
884 3442 966 3495 rediit
983 3441 1083 3510 Papie
1106 3445 1134 3494 et
1155 3440 1271 3510 septimo
1280 3450 1322 3502 (29)

100 3513 164 3568 Kal.
183 3513 357 3567 Octubris
377 3514 508 3567 conbuxit
525 3513 633 3566 Roxate
653 3544 684 3551 -
706 3544 739 3552 —
759 3531 826 3580 quos
845 3513 902 3582 ipse
921 3515 1061 3566 creaverat
1080 3513 1212 3581 deposuit.

101 3727 123 3773 a)
137 3727 179 3766 hoc
193 3728 218 3769 Β.
299 3727 322 3774 b)
341 3725 482 3766 audivissent
500 3728 525 3768 Α,
607 3726 628 3777 c)
646 3737 674 3768 m.
689 3724 717 3764 de
732 3726 775 3767 civ.
793 3729 852 3774 (cum
867 3738 888 3774 q.
902 3726 953 3776 cies.)
966 3727 993 3767 B.
1073 3723 1096 3773 d)
1113 3722 1231 3764 lonbardie
1244 3725 1271 3765 Β.

102 3782 123 3827 e)
136 3781 192 3818 deest
201 3781 227 3822 Β.
280 3781 299 3827 f)
314 3777 381 3819 decus
397 3781 429 3818 eis
444 3791 509 3819 suum
522 3777 592 3820 adini.
606 3780 633 3821 B.
687 3781 709 3827 g)
724 3777 752 3817 de
760 3780 787 3826 (i)
801 3781 849 3828 uei,
864 3784 883 3817 et
896 3789 1002 3828 superscr.
1016 3782 1042 3817 ut
1055 3779 1082 3820 Α.
1136 3778 1159 3826 h)
1174 3782 1197 3816 st
1211 3789 1232 3825 q.
1245 3778 1271 3819 Β.

101 3834 118 3879 i)
133 3834 258 3876 ciminii.
312 3833 336 3881 k)
350 3834 426 3881 burgis
440 3834 466 3875 B.
520 3831 662 3881 uvigentini
676 3832 702 3872 A.
756 3833 786 3878 m)
800 3833 857 3871 deest
866 3835 892 3873 Α.
946 3834 970 3879 n)
984 3830 1129 3873 dicebautB.
1183 3832 1205 3877 ο)
1219 3841 1272 3869 con-

101 3886 195 3924 bnrrere
209 3887 235 3928 B.
292 3889 315 3935 p)
330 3898 365 3925 res
382 3898 399 3926 s.
414 3897 464 3933 exp.
478 3887 504 3926 B.
562 3887 585 3932 q)
599 3883 722 3923 Mediolani
736 3885 786 3925 edd.
802 3886 826 3926 B.
881 3888 899 3933 r)
914 3885 986 3924 febria
1000 3886 1026 3927 B.
1080 3888 1099 3933 s)
1113 3884 1230 3933 episcopus
1245 3884 1271 3925 B.

102 3942 119 3986 t)
135 3937 259 3978 decembris
274 3941 305 3990 115
320 3941 348 3986 ef.
358 3938 671 3986 Ann,Me‹iiol.miu.(iufra).
711 3937 735 3983 u)
749 3936 833 3976 reddiit
847 3939 874 3979 A.
915 3941 938 3986 v)
953 3944 1068 3978 eustanum
1082 3939 1108 3980 B.
1148 3940 1178 3985 vv)
1193 3936 1270 3978 iuria

103 4116 129 4181 1)
146 4117 225 4166 Hauc
243 4117 374 4167 lectionem
388 4116 595 4182 praeferendum
611 4121 635 4165 et
648 4114 775 4165 Custeruo
789 4115 860 4164 inter
871 4115 1071 4180 sepienti-iurem
1083 4121 1106 4166 ei
1119 4116 1271 4166 occidentem

102 4187 136 4238 ab
154 4187 359 4252 Abbiuteprueco
376 4189 458 4238 situm
475 4186 676 4250 iutelliqeuduru
700 4200 761 4249 esce,
787 4199 840 4235 acu
859 4183 1004 4234 Caeterum
1029 4185 1160 4250 (Gustare
1178 4186 1270 4235 Primo

103 4259 178 4324 [circ.
197 4258 411 4323 Abbiuteprasco,
437 4259 527 4310 usaue.
548 4255 710 4321 Cuppioqu)
737 4255 810 4310 Ceut.
832 4254 933 4318 Laud,
961 4255 1008 4308 SS.
1028 4255 1138 4320 XVIII,
1161 4273 1190 4322 p.
1209 4257 1270 4309 656.

102 4329 181 4394 docet,
201 4344 259 4379 cum
279 4329 334 4380 locu
352 4345 418 4394 quae
436 4329 475 4378 ibi
491 4330 624 4380 destructe
641 4332 840 4390 enumerantur,
860 4325 956 4376 scilicet
974 4325 1187 4391 Abbiuiepracsa
1207 4327 1271 4377 Cor-

103 4400 168 4464 beia,
188 4400 323 4465 Muueuiu,
343 4401 503 4450 cecinerint
522 4399 656 4463 Ousieruo,
677 4398 761 4448 uiuite
780 4397 885 4460 loupiac
902 4397 999 4447 distrui
1017 4412 1035 4446 u
1055 4396 1177 4449 Gustuuo.
