2932 4936
184 376 219 430 28
290 373 414 428 GESTA
432 372 612 427 FEDMRIOI
629 372 653 430 1.
672 371 938 428 IMPERATORIS
955 371 997 426 IN
1015 371 1257 429 LOMBARDIA.

290 555 336 619 Mt
359 556 407 619 sie
430 554 704 619 Mediolanenses
727 554 981 619 rehedificande
1004 557 1117 618 turres
1140 557 1176 618 et
1200 554 1361 619 castelle-

184 665 262 707 rum
290 664 419 719 muros,
452 641 589 710 Galiate
620 646 656 707 et
685 643 826 707 Trecate
857 646 892 706 et
921 643 1077 706 Mentem
1106 643 1245 706 Marum
1279 664 1360 706 cnm

186 733 305 796 Monte
337 730 479 795 Oldradi
509 734 544 794 et
575 731 752 794 Maleuma
786 734 821 794 et
851 729 1077 794 Oavacurtam
1108 733 1143 794 et
1174 729 1293 794 Oornu
1324 734 1361 794 et

184 820 447 884 rehedificantes
482 818 674 882 Terdenam
714 821 749 882 et
783 818 977 882 Lemellum
1015 822 1050 882 et
1088 812 1355 882 construentesb

186 910 308 991 pentes
337 927 441 990 supra
463 906 621 969 Ticinum
648 910 684 970 et
711 907 872 970 Adduam
902 910 937 971 εὴ
968 907 1212 970 eustodiendo⁰
1241 907 1361 970 omnia

187 996 393 1078 supradicta,
409 995 550 1078 insuper
564 995 602 1057 in
613 996 786 1058 montanis
802 995 957 1078 partibus
974 995 1199 1058 eustodiendo
1214 995 1361 1058 rocham

187 1085 229 1147 de
245 1083 384 1147 Leucho
408 1087 443 1147 et
465 1086 577 1147 turres
601 1078 874 1166 Ardengorumd,
901 1082 1090 1164 Orognium
1113 1086 1148 1146 et
1172 1081 1361 1165 Ooperram

188 1175 223 1235 et
253 1172 376 1254 Ripam
407 1171 526 1235 Sancti
549 1171 674 1235 Vitalis
706 1176 741 1235 et
770 1172 941 1234 Arename
977 1174 1013 1234 et
1042 1170 1112 1234 alia
1140 1170 1253 1234 multa
1281 1171 1362 1234 loca

187 1253 480 1342 expendiderunef
507 1263 543 1323 et
573 1264 858 1342 consumpserunt
887 1258 981 1322 ultra
1010 1258 1228 1341 quingentag
1262 1258 1361 1322 milia

187 1367 317 1411 marcas
348 1347 483 1430 argenti
513 1348 695 1430 purissimi,
727 1351 763 1411 et
792 1347 951 1411 faciende
976 1348 1098 1410 densas
1122 1346 1360 1429 expeditiones

188 1439 222 1499 et
244 1436 377 1499 fossata
405 1435 552 1499 levando
576 1436 667 1499 eirca
690 1436 879 1512 civitatem;
912 1435 1002 1558 qpod
1032 1437 1153 1518 postea
1182 1435 1219 1496 in
1249 1435 1361 1517 perni-

189 1525 275 1587 ciem
298 1528 333 1586 et
357 1543 474 1587 eorum
498 1523 769 1587 destructionem
791 1543 927 1587 versum
975 1525 1037 1586 est.

99 1617 177 1670 1158.
295 1610 378 1674 Post
401 1612 465 1674 hec
487 1631 567 1675 vero
591 1632 682 1675 anno
706 1612 876 1675 dominice
903 1611 1151 1674 incarnationis
1175 1609 1361 1674 millesime

105 1698 374 1763 trecentesimo
405 1700 686 1781 quinquagesimo
716 1702 851 1775 octavo,
883 1702 979 1763 sexte
1011 1700 1066 1763 die
1095 1700 1221 1762 mensis
1250 1691 1354 1760 Iuliii

188 1787 327 1850 devenit
362 1781 538 1850 secundek
575 1789 760 1870 imperator
789 1787 973 1851 Federicus
1001 1787 1173 1850 Veronam
1208 1789 1258 1850 et·
1278 1786 1362 1849 inde

187 1874 357 1939 transiens
382 1895 442 1957 per
456 1874 533 1938 loca
549 1877 643 1939 venit
660 1875 922 1959 Blancanugam
933 1876 954 1937 1.
1000 1875 1046 1938 Et
1069 1874 1221 1938 habebat
1243 1875 1281 1936 in
1298 1894 1361 1938 sue

188 1963 339 2026 exercitu
353 1983 469 2046 regem
486 1958 774 2027 Boemitarum1·2
798 1967 833 2029 et
855 1964 1000 2028 ducem3
1023 1967 1058 2027 et
1082 1961 1302 2046 episcopum4
1325 1965 1363 2025 et

190 2049 305 2114 aliesm
336 2053 438 2115 duces
467 2055 502 2114 et
525 2053 740 2116 marchiones
764 2057 800 2116 et
824 2053 964 2116 comites
988 2054 1024 2115 et
1047 2052 1222 2134 episcopos
1246 2053 1281 2114 εὴ
1305 2050 1363 2114 ab·

465 2224 679 2288 Oodaqcclli
701 2222 867 2274 Libellus
890 2224 1084 2278 tristitiae.

296 2315 496 2379 Innotescat
516 2314 712 2396 legentibus
729 2319 764 2378 et
780 2315 1011 2390 audientibus,
1036 2315 1128 2396 quod
1142 2324 1363 2378 Mediolanenses

189 2395 361 2449 hedificando
386 2401 475 2450 turres
501 2400 528 2449 et
552 2413 645 2448 mures
670 2400 704 2449 et
729 2397 852 2449 castella
875 2395 982 2450 Galiate
1008 2400 1036 2450 et
1055 2395 1170 2450 Trecate
1190 2399 1218 2448 et
1235 2394 1364 2448 Mentem

190 2466 315 2519 Marrum
341 2469 375 2518 et
397 2465 536 2518 Mentem
556 2465 662 2520 Oldrati
680 2470 708 2519 et
725 2465 847 2519 Maleum
867 2471 894 2520 et
913 2466 1092 2520 Oavacurtam
1111 2470 1139 2519 et
1158 2465 1258 2532 Cornu,
1283 2465 1364 2518 rehe-

190 2536 352 2590 diiicantesll
375 2535 530 2588 Terdonam
549 2541 576 2589 et
593 2537 757 2603 Lemellum‚
783 2540 969 2590 construentes
993 2539 1090 2605 pontes
1116 2554 1212 2604 super
1235 2535 1365 2588 Ticinum

191 2611 219 2660 et
237 2606 348 2659 Aduam
367 2610 394 2659 et
411 2606 567 2673 supradicta
585 2607 771 2673 eustodiendo,
796 2608 907 2674 insuper
932 2608 1135 2661 custodientes
1158 2608 1187 2658 in
1209 2606 1364 2659 montaneis

190 2677 313 2745 partibus
325 2677 479 2730 rochetam
491 2677 526 2730 de
538 2677 650 2731 Leuce0
666 2681 693 2730 et
704 2680 793 2730 turres
805 2678 1025 2746 Ardengorume
1043 2682 1071 2731 et
1083 2677 1248 2745 soporans,
1262 2676 1365 2743 Ripam

193 2748 287 2801 Sancti
305 2747 410 2813 Vitalis,
429 2747 553 2800 Aronam
572 2752 600 2801 εὴ
618 2748 670 2800 alia
687 2750 774 2801 multa
791 2749 860 2817 loca,
884 2749 986 2802 fossata
1010 2748 1182 2801 faciendo
1208 2748 1280 2800 eirca
1299 2747 1365 2799 civi·

193 2823 286 2887 tatem,
306 2818 379 2885 qued
391 2823 486 2886 postea
498 2819 527 2870 in
538 2818 707 2887 perniciemr
724 2823 765 2872 eat
776 2829 917 2887 versumfl,
937 2819 1125 2887 expenderunt
1143 2821 1171 2872 et
1190 2833 1365 2885 consumpse-

140 2890 276 2964 <10)runtt
301 2891 373 2942 ultra
391 2890 660 2958 quinquaginta
677 2889 752 2943 milia
769 2890 894 2943 marchas
913 2890 1026 2959 argenti.

106 2973 183 3024 1158,
301 2959 368 3013 Post
385 2960 437 3014 hec
454 2959 617 3017 MGLVIH.
636 2964 712 3014 sexto
731 2960 775 3014 die
793 2960 893 3013 mensis
909 2959 974 3013 Iulii
991 2960 1140 3027 imperator
1157 2958 1304 3012 Medericus
1323 2974 1365 3011 se·

114 3031 298 3083 arccunda
315 3031 395 3084 vice
416 3031 492 3084 venit
514 3032 549 3083 in
567 3032 828 3098 Lenbardiam‚
855 3031 896 3083 ad
920 3034 1045 3098 partes
1070 3030 1219 3083 scilieet
1237 3029 1365 3097 Verene,

195 3105 223 3153 et
240 3101 303 3153 inde
321 3101 454 3154 transiens
468 3118 519 3169 per
530 3102 591 3156 loca
601 3102 677 3156 venit
688 3101 901 3170 Blancanugam.
937 3100 976 3154 Et
992 3101 1112 3153 habebat
1128 3100 1157 3152 in
1176 3116 1224 3152 sue
1243 3099 1366 3152 exercitu

194 3187 287 3238 regern
306 3170 494 3224 Boemitarum
518 3176 546 3225 et
568 3173 666 3226 ducem
685 3176 713 3226 et
731 3173 889 3240 episcopum
908 3175 936 3225 et
953 3171 1020 3224 alies
1038 3171 1120 3224 duces
1140 3173 1168 3224 et
1184 3169 1366 3237 marchiones,

195 3381 217 3432 a)
230 3382 261 3420 sic
274 3382 334 3424 B.P.
349 3381 451 3430 Colchum
472 3383 572 3422 Marcum
586 3384 612 3425 A.
693 3385 715 3432 b)
729 3385 760 3422 sic
773 3384 839 3432 B.P;
860 3384 1023 3424 constituentes
1038 3384 1064 3426 A.
1141 3385 1161 3430 c)
1176 3379 1324 3421 custodienda
1339 3381 1366 3424 A.

195 3434 219 3482 d)
233 3436 264 3473 sic
276 3435 303 3476 B.
312 3435 342 3483 P;
361 3438 406 3474 tras
420 3433 524 3475 Ardanos
537 3436 564 3478 A.
618 3439 639 3484 e)
653 3438 683 3474 sic
696 3438 729 3485 B,·
746 3437 844 3477 Oronam
858 3438 889 3488 A;
909 3447 1001 3476 arenam
1015 3437 1039 3478 P.
1091 3437 1154 3484 osio
1167 3436 1230 3482 infra
1241 3446 1265 3482 1³-
1275 3434 1308 3482 48,
1327 3444 1368 3472 ex-

195 3486 332 3536 pendierunt
345 3488 365 3525 A
379 3488 399 3529 h.
413 3489 428 3529 l.
501 3488 524 3539 g)
541 3489 675 3537 quingentas
689 3490 760 3530 millia
773 3491 804 3539 A;
826 3491 990 3539 qninquaginta
1003 3490 1066 3529 milia
1079 3490 1144 3539 B.P;
1165 3489 1286 3528 sedetiam.
1303 3487 1367 3529 Gaze.

194 3542 305 3590 Flamma,
320 3540 398 3582 ceron.
412 3541 463 3582 mai.
478 3542 492 3583 l.
507 3542 521 3583 l.
531 3553 555 3590 p.
565 3542 615 3581 667:
636 3547 659 3582 et
673 3543 765 3582 fuerunt
779 3553 878 3592 expense
892 3574 897 3587 .
912 3574 918 3585 .
934 3574 939 3586 .
953 3544 974 3582 D
988 3543 1059 3581 millia
1073 3543 1223 3589 marcharum,
1241 3544 1260 3578 et
1275 3539 1368 3578 Calchua

191 3606 216 3642 p.
226 3595 276 3634 180:
298 3595 422 3643 quingenta
435 3594 505 3634 millia
519 3595 667 3634 marcharum.
747 3596 770 3644 h)
785 3606 851 3635 versa
865 3597 891 3638 A.
973 3595 989 3644 i)
1008 3595 1066 3634 iullii
1079 3596 1099 3633 A
1112 3605 1181 3643 saepe.
1262 3590 1325 3640 102⁰
1339 3593 1367 3635 Α.

195 3648 212 3694 l)
225 3647 372 3687 beemitarum
386 3647 406 3684 A
420 3647 441 3688 h.
451 3648 464 3689 l.
512 3649 542 3695 m)
557 3648 673 3698 episcopos
689 3649 747 3697 add,
761 3650 798 3687 aad
807 3650 847 3690 del.
857 3649 883 3690 A.
934 3650 958 3697 n)
973 3652 996 3687 at
1006 3647 1083 3689 rehed.
1097 3649 1171 3686 Pcum
1180 3647 1206 3687 A
1254 3648 1276 3692 o)
1285 3645 1367 3684 laucho

196 3701 217 3738 P
226 3711 273 3738 urm
287 3701 313 3742 A.
381 3699 405 3750 p)
419 3700 459 3738 hec
472 3702 519 3738 lere
533 3702 602 3739 decem
616 3703 663 3748 fere
676 3702 799 3740 litterarum
814 3703 909 3750 spatium
923 3712 1014 3740 vacuum
1027 3702 1125 3739 relictum
1140 3702 1167 3748 B,
1189 3700 1226 3738 sed
1240 3709 1287 3736 euos
1301 3699 1368 3735 etiam

196 3754 219 3789 in
233 3753 254 3791 P
265 3752 387 3801 Orognium
404 3754 483 3791 codicis
496 3754 515 3791 A
531 3755 632 3792 emissum
646 3755 681 3804 sit,
700 3759 792 3802 apparet
806 3756 851 3793 iam
865 3757 888 3792 in
903 3756 1019 3804 archetypo
1034 3755 1113 3792 lacuna
1127 3755 1223 3791 indicata
1237 3752 1276 3790 hec
1290 3761 1368 3788 nomen

196 3816 240 3842 non
254 3807 357 3853 serapium
371 3806 446 3855 fuisse,
462 3806 591 3854 Ccdcpnello
606 3808 675 3845 locum
689 3809 809 3855 iqnerantc.
864 3810 886 3856 q)
901 3809 960 3855 cena
971 3808 1002 3857 B;
1025 3810 1133 3856 ceperant
1146 3807 1169 3848 P.
1223 3807 1243 3853 r)
1257 3805 1287 3842 sic
1301 3804 1325 3847 P.
1335 3804 1367 3852 A,-

197 3858 275 3906 peruia
289 3859 315 3900 B.
369 3860 388 3906 s)
402 3870 518 3898 reversum
532 3864 567 3899 est
580 3861 603 3903 P.
657 3862 674 3909 t)
690 3861 720 3899 sic
734 3861 755 3898 P
765 3872 813 3898 cum
827 3861 846 3899 A
850 3875 858 3908 ,·
873 3865 897 3900 et
910 3872 970 3903 cons.
985 3871 1026 3902 om.
1040 3861 1066 3903 B.

199 4033 225 4099 1)
248 4034 335 4086 Hodie
360 4036 464 4100 quidem
483 4037 661 4088 Bicnccnudc
686 4039 758 4088 cioca
781 4043 819 4088 eat
843 4038 988 4088 eommunis
1005 4036 1164 4088 Mendenice
1187 4032 1259 4103 (circ.
1278 4033 1367 4096 Lecto,

199 4105 289 4156 reond.
302 4104 417 4174 Brieie),
437 4107 481 4158 scd
499 4107 542 4158 hic
560 4123 578 4158 a
596 4108 692 4158 dcctra
707 4113 787 4174 parte
799 4108 912 4160 Adduae
929 4109 957 4172 fl.
976 4109 1045 4159 situs
1063 4112 1116 4167 est:
1134 4107 1203 4157 unde
1221 4111 1283 4155 tunc
1298 4102 1370 4153 alter

200 4175 271 4225 locus
289 4175 371 4227 huius
388 4178 504 4227 caninis
522 4179 552 4228 in
569 4179 683 4229 sinistra
695 4180 759 4244 repa
771 4178 884 4230 Adducta
902 4179 1019 4230 extitisse
1036 4178 1149 4231 mitetur.
1208 4174 1235 4239 2)
1251 4173 1370 4225 Wicdis·

200 4245 274 4296 lcum
290 4246 328 4300 II.
414 4247 441 4312 3)
458 4247 635 4299 Bohememm
652 4248 777 4314 videlicet,
800 4249 977 4300 maldam
995 4250 1110 4313 fratrem
1125 4246 1271 4299 chdislci
1288 4245 1369 4308 repis.

199 4315 227 4377 4)
244 4315 404 4381 Propenaem
422 4317 567 4369 Danielem.
