2932 4936
188 535 223 588 64
294 529 419 584 GESTA
437 527 616 584 FEDERIOI
633 528 657 585 1.
676 529 942 583 IMPERATORIS
961 528 1003 584 IN
1021 528 1261 585 LOMBARDIA.

100 721 178 774 1177.
188 719 411 798 componerea
437 715 530 777 inter
557 706 823 795 Longobardosb
852 716 887 776 et
914 714 1166 797 imperatorem.
1213 712 1260 775 llt
1288 713 1357 778 fue·

186 807 269 866 runt
290 802 341 865 ibi
364 802 465 865 ambo
489 821 549 885 per
566 802 717 865 medium
733 801 886 864 annum1
910 822 987 865 cum
1011 801 1276 885 archiepiscopis
1300 805 1352 866 et⁰

187 891 368 975 episcopis,
405 885 645 975 patriarchisl,
677 890 860 954 abbatibus
891 894 927 954 et
957 890 1034 954 aliis
1066 891 1198 954 clericis
1229 890 1355 967 multis,

188 983 286 1043 cume
322 972 526 1042 comitibusf
560 982 595 1042 et
624 979 890 1042 marchionibus.
943 980 1120 1043 Postremo
1155 1000 1248 1042 nono
1279 979 1356 1042 Kal.

94 1091 137 1134 na.
145 1091 178 1134 24.
187 1068 338 1150 Augusti
361 1068 607 1131 incarnationis
625 1066 873 1130 MOLXXVII.
897 1068 1094 1132 Alexander
1116 1088 1207 1151 papa
1229 1068 1357 1151 recepit

187 1157 390 1221 Federicum
408 1157 444 1218 in
461 1156 783 1219 christianissimum
798 1157 1039 1240 imperatorem
1064 1160 1098 1220 et
1121 1176 1264 1220 uxorem
1288 1158 1356 1221 eius

187 1245 381 1310 Beatricem
404 1249 440 1309 et
462 1244 573 1308 filium
597 1245 669 1308 eius
693 1244 907 1308 Henricumg
931 1246 967 1308 in
990 1265 1115 1327 regem,
1143 1265 1222 1309 cum
1246 1246 1356 1308 adhuc

186 1355 256 1397 non
286 1339 375 1398 esset
404 1326 547 1418 pubesh.
595 1334 692 1397 Inter
715 1333 915 1397 Lonbardos
946 1337 981 1398 et
1010 1353 1128 1398 eorum
1158 1334 1357 1398 societatem

187 1426 223 1486 et
244 1423 487 1507 imperatorem
511 1443 532 1485 a
554 1415 653 1485 Kal.i
676 1423 826 1504 Augusti
849 1423 995 1505 proximi
1017 1423 1160 1486 inantea
1182 1442 1292 1504 usque
1316 1424 1356 1485 ad

187 1531 244 1576 sex
268 1532 375 1575 annos
393 1505 600 1594 treuguamk
618 1514 831 1574 sacramento
855 1511 898 1575 ab
921 1514 1068 1593 utraque
1090 1513 1190 1594 parte
1213 1512 1357 1594 prestito

186 1593 1349 1678 firmaverunt‚................¹

187 1692 222 1752 et
246 1689 294 1752 eis
318 1689 355 1751 in
378 1692 584 1772 perpetuum
606 1689 721 1765 fecit2‚
753 1689 940 1751 deserendo
963 1689 1075 1764 fidem,
1101 1708 1204 1770 quam
1228 1689 1356 1770 Longo·

186 1777 302 1840 bardis
325 1778 537 1861 promiserat.
583 1777 674 1840 Nam
698 1797 739 1841 ex
762 1797 829 1859 quo
851 1777 921 1839 fuit
941 1776 1094 1853 Venetia
1121 1777 1246 1840 direxit
1270 1777 1356 1840 litte-

186 1865 264 1928 ras3
286 1866 611 1943 Mediolanensibus,
636 1866 789 1947 quibusm
813 1866 909 1941 dixit,
935 1866 1026 1947 quod
1049 1864 1143 1948 prius
1167 1866 1357 1929 dimitteret

188 1974 223 2018 se
254 1955 394 2031 secarin,
431 1976 534 2037 quam
563 1975 683 2039 pacem
713 1954 841 2036 absque
871 1953 1187 2018 Mediolanensibus
1217 1954 1355 2017 faceret.

189 2043 276 2107 Sed⁰
296 2043 541 2126 longobardos
566 2043 740 2107 deseruitp
768 2046 803 2106 et
827 2044 1002 2127 episcopos
1018 2042 1190 2125 depositos
1205 2042 1359 2106 restituit

188 2136 223 2196 et
247 2153 330 2215 quos
354 2133 426 2216 ipse
451 2135 625 2196 creaverat
649 2131 871 2215 depossita-4.

122 2243 178 2292 Sept.
293 2219 411 2285 Mense
435 2241 515 2284 vero
540 2220 755 2304 Septembrio
784 2221 938 2303 proximo
968 2219 1037 2282 fuit
1066 2218 1259 2295 dilluvium,
1292 2240 1357 2302 quo

187 2310 297 2373 maius
326 2330 398 2373 non
426 2309 496 2372 fuit
524 2329 545 2372 a
573 2308 692 2373 diebus
715 2309 801 2372 Noe.
847 2308 938 2371 Nam
961 2308 1118 2371 Ticinum
1148 2309 1286 2391 operuit
1315 2307 1357 2370 ab

187 2419 257 2462 una
288 2402 383 2462 costa
412 2399 457 2462 ad
484 2397 588 2461 aliam
610 2401 748 2474 terram,
779 2398 831 2460 ita
860 2397 953 2479 quod
981 2396 1091 2460 multe
1122 2396 1259 2460 arbores
1289 2417 1358 2458 non

187 2488 411 2572 apparebant.
447 2488 557 2550 Lacus
574 2487 632 2568 qui
649 2486 776 2549 dicitur
791 2486 903 2548 Maior
919 2486 1025 2549 crevit
1041 2504 1149 2567 usque
1168 2485 1214 2547 ad
1230 2485 1360 2548 decem-

187 2580 265 2639 octo
295 2576 438 2639 brachia
467 2576 503 2637 in
534 2575 645 2637 altum
674 2577 710 2638 et
739 2575 875 2657 operuit
899 2575 1016 2638 domos
1040 2573 1152 2649 Lixie;
1184 2593 1204 2635 a
1228 2573 1359 2636 Scrivia

188 2664 287 2727 ibant
309 2665 448 2746 navigio
471 2683 579 2745 usque
603 2662 826 2726 Placentiam.

188 2838 210 2884 a)
224 2846 302 2883 pacem
317 2836 368 2878 add.
377 2836 403 2877 B.
412 2836 438 2877 P.
491 2835 513 2883 b)
527 2833 647 2875 lonbardos
661 2836 693 2886 B;
707 2833 835 2874 lombardos
847 2836 871 2877 P.
925 2837 946 2882 c)
960 2835 1056 2882 oleastB,¹
1072 2837 1140 2882 epet
1153 2834 1178 2874 P.
1233 2832 1256 2880 d)
1271 2837 1295 2873 ct
1308 2833 1359 2875 add.

189 2890 210 2930 h.
219 2890 233 2929 l.
243 2889 268 2930 B.
323 2889 424 2937 e)etP;
447 2892 534 2927 etcum
547 2889 573 2930 B.
627 2888 856 2936 ocommunitatibus
870 2888 901 2937 A;
924 2888 1051 2927 comittibus
1066 2888 1092 2928 B.
1146 2890 1168 2935 g)
1182 2887 1285 2926 enricum
1298 2887 1359 2929 B.P.

189 2943 212 2989 h)
226 2943 257 2980 sic
271 2942 301 2989 P;
321 2943 426 2991 pavesff)
440 2944 471 2992 A;
494 2945 570 2980 essent
583 2952 653 2990 pupes
668 2943 694 2983 Β.
754 2942 771 2988 i)
785 2939 902 2980 kallcndas
916 2942 943 2982 A.
997 2941 1021 2988 k)
1036 2944 1137 2989 treguam
1151 2941 1178 2982 A.
1232 2941 1248 2988 l)
1262 2940 1360 2979 hocloco

189 2995 295 3044 precedam
309 2996 332 3033 in
345 2999 435 3044 utroque
449 2996 493 3036 cod.
507 2996 587 3034 omaso
600 2998 721 3043 acceperet.
787 2997 816 3042 m)
831 2995 912 3042 quibus
926 3016 952 3023 -
966 2993 1086 3035 Mediolon.
1100 3005 1141 3036 om.
1155 2994 1182 3035 A.
1246 2995 1269 3041 n)
1283 2994 1314 3032 sic
1329 2993 1363 3041 P,-

188 3049 311 3093 nectaria.
365 3051 386 3096 o)
400 3050 475 3088 facere
490 3059 514 3088 se
528 3050 555 3090 A.
608 3050 632 3097 p)
646 3046 747 3087 deseruit
760 3069 786 3076 -
800 3053 919 3087 creaverat
931 3059 972 3091 ont,
987 3049 1013 3090 A.
1068 3047 1143 3096 phoa
1156 3047 1200 3086 loco
1214 3047 1293 3085 decinit
1306 3047 1333 3089 Β.

190 3190 216 3257 1)
232 3191 383 3257 Imperator
398 3191 483 3258 paulo
500 3193 591 3242 atinae
608 3192 709 3242 duobus
726 3191 859 3242 mambres
873 3197 933 3257 post
948 3206 1040 3256 pacem
1058 3192 1167 3256 factccm,
1183 3205 1260 3256 papa
1276 3204 1361 3256 paene

188 3263 273 3313 medio
290 3276 362 3312 cano
375 3263 489 3313 Venctiis
506 3262 651 3325 affuerunt.
723 3261 751 3326 2)
768 3261 831 3315 Sal.
844 3263 1000 3313 Alexander
1015 3278 1097 3328 papa.
1170 3261 1197 3328 3)
1216 3261 1288 3324 Quae
1305 3276 1361 3312 aon

188 3339 301 3386 exstant.
372 3332 400 3399 4)
418 3334 490 3396 cuae
508 3332 555 3384 hoc
574 3334 626 3384 loco
644 3335 674 3383 in
692 3334 746 3385 cod.
764 3333 789 3382 A
808 3335 905 3384 omissa
923 3339 985 3384 suat
1003 3334 1088 3384 acacio
1106 3349 1143 3383 aa
1161 3333 1191 3382 ia
1209 3332 1263 3384 cod.
1284 3331 1361 3382 Rau»

190 3403 264 3454 liano
282 3418 360 3454 erasa
373 3404 484 3469 fuerint,
504 3420 563 3455 cum
575 3410 668 3454 arcator
679 3406 717 3455 eis
729 3405 829 3455 acriter
840 3406 870 3454 ia
882 3404 1070 3455 Alexandrum
1086 3419 1189 3470 papam
1207 3402 1365 3456 invehatur.
