2932 4936
159 409 192 462 12
264 403 389 459 GESTA
407 404 587 460 FEDERIOI
604 405 628 461 Ι.
647 405 913 461 IMPERATORIS
931 407 974 462 IN
992 406 1231 464 LOMBARDIA.

264 587 423 652 Numeros
445 588 645 670 paoiuarum
673 594 703 653 et
732 588 869 670 sapitum
899 588 1046 654 editiouis
1073 589 1265 654 Pertriauae
1294 590 1333 655 iu

155 675 301 758 maryiue
330 676 490 757 adnotavi,
522 677 660 758 sapitum
682 677 837 742 dioisioue
860 699 924 742 uou
947 677 1103 759 iustituta,
1135 699 1205 743 oum
1232 699 1332 759 ueqroe

155 762 193 828 iu
222 764 324 829 eodioe
354 765 518 829 Bautiauo
548 787 646 846 meque
675 765 712 829 iu
741 765 988 847 Codaouetiiauo
1018 787 1095 848 opus
1124 767 1161 830 iu
1191 766 1333 848 capitula

156 851 355 934 dispertitum
384 859 470 933 esset,
500 875 599 935 ueqae
628 854 725 919 iudea
748 855 955 936 capitulorum
978 876 999 919 a
1027 855 1216 936 Codaauetio
1236 877 1331 937 prae-

155 940 272 1006 missus
283 962 353 1006 oum
364 941 432 1023 ruso
444 941 565 1007 Libello
578 942 725 1008 tristitiae
741 950 770 1008 et
781 943 899 1008 datoris
914 944 994 1008 satis
1006 950 1167 1026 eouqruat.
1196 945 1333 1009 Praebet

156 1029 241 1093 euim
269 1051 369 1094 uuam
391 1030 505 1112 eapitis
533 1031 780 1113 iusoriptiouem,
813 1032 864 1097 eui
889 1032 924 1096 iu
947 1032 1027 1097 libro
1050 1032 1134 1097 uiuit
1156 1035 1329 1114 respondet,

156 1117 233 1181 otiis
248 1125 467 1201 aroumeutum
483 1120 559 1185 iibri
573 1121 655 1184 mate
671 1121 805 1185 relatum
820 1127 873 1201 est,
891 1121 959 1185 aiia
975 1121 1039 1185 aiio
1055 1121 1166 1185 ordiue
1178 1120 1331 1202 disposita

156 1212 239 1287 suut,
263 1213 298 1270 ut
321 1208 404 1272 duur
426 1207 563 1273 iudicem
585 1215 707 1274 secutus
730 1231 768 1274 ue
784 1209 941 1273 Libellum
957 1209 1106 1274 tristitiae
1122 1209 1255 1290 atridem,
1280 1232 1330 1274 ue·

157 1296 232 1359 dum
261 1316 338 1377 opus
367 1297 581 1362 autieutieum
614 1297 650 1362 iu
681 1297 786 1378 sapito
816 1297 982 1378 dispertire
1005 1298 1122 1379 possis.
1174 1299 1331 1362 Looorum

156 1383 288 1448 uomiua
317 1385 472 1450 trodierua
501 1386 655 1466 situmque
682 1385 719 1450 iu
748 1386 853 1451 iudice
880 1386 1061 1467 aauotaot1,
1092 1389 1187 1451 uerba
1210 1408 1331 1468 parum

156 1477 232 1537 uota
254 1472 291 1538 iu
311 1473 468 1555 aiassario
490 1473 655 1555 eaptioaoi.

269 1827 406 1893 Gratum
428 1829 533 1908 faeere
557 1830 720 1894 tectoribus
742 1830 822 1894 midi
836 1830 923 1894 uisus
938 1851 1008 1894 sum
1023 1829 1238 1911 subiuuqeudo
1257 1829 1331 1894 imis

158 1917 260 1982 iibeito
290 1940 344 1982 eas
367 1924 479 1999 partes
506 1918 675 1983 aumatium
697 1918 998 1998 Mediotaueusium,
1029 1917 1142 1998 quibus
1172 1920 1208 1982 de
1238 1920 1331 1983 rebus

157 2012 436 2070 o.1154—1177.
460 2008 594 2071 relatum
617 2014 670 2072 est.
709 2009 755 2071 Et
770 2007 878 2088 primo
902 2006 1027 2088 quidem
1043 2012 1170 2087 partem
1193 2008 1330 2072 Auua-

157 2094 254 2160 tium
288 2095 663 2161 Medioiaueusium
697 2095 910 2176 miuorum,
946 2101 981 2159 ut
1014 2094 1115 2159 editor
1149 2096 1211 2159 Pu.
1240 2095 1331 2174 Jaffo'

157 2185 185 2248 b.
202 2207 243 2248 m.
267 2185 350 2249 traua
373 2184 511 2249 libellum
533 2184 704 2266 iuseripsit,
730 2185 781 2249 oui
798 2184 901 2265 maais
916 2183 1097 2248 Aumatium
1113 2185 1147 2248 S.
1164 2184 1332 2266 Eustoruii

157 2273 449 2338 Medioiaueusium
472 2273 596 2338 titutum
619 2273 784 2338 aouueuire
814 2273 865 2338 W.
890 2275 927 2337 de
954 2273 1152 2337 Giesebreoiit
1177 2273 1329 2337 mouuit2.

162 2362 278 2426 Tribus
301 2362 458 2427 oodioibus
480 2384 556 2426 usus
579 2361 670 2440 Jaffe
694 2362 749 2425 ios
771 2362 907 2425 auuaies
924 2362 983 2426 SS.
1003 2362 1039 2424 X
1046 2362 1148 2443 VIII,
1167 2368 1332 2443 11392-

160 2456 234 2514 399.
258 2449 365 2531 edidit,
396 2453 452 2514 sed
480 2451 561 2514 maie
584 2450 674 2514 dium
698 2450 832 2515 eodioem
853 2450 991 2514 mauime
1013 2457 1135 2514 seoutus
1158 2457 1211 2530 est,
1242 2471 1332 2530 quem

152 2538 261 2620 primo
284 2538 349 2603 loeo
365 2538 484 2620 posuit.
531 2539 575 2603 Iu
593 2540 650 2604 tuoe
665 2545 768 2603 autem
786 2539 886 2603 ruuita
901 2538 1068 2603 immutata
1090 2559 1155 2603 esse
1177 2538 1244 2619 ipse
1259 2559 1332 2619 per·

158 2627 321 2708 speaisset,
356 2627 386 2691 si
420 2627 622 2709 aequavisset,
659 2630 742 2708 quod
781 2628 832 2693 W.
864 2630 901 2692 de
935 2628 1133 2692 Giesebreoitt
1167 2626 1330 2707 osteudit3,

152 2715 298 2797 piurima
310 2716 419 2798 partis
441 2722 717 2780 α.1154-1177.
741 2738 780 2781 eu
800 2716 905 2781 Gestis
920 2715 1069 2780 Federiei
1083 2715 1120 2780 iu
1136 2714 1332 2780 Lambardia

159 2811 303 2886 euempta
319 2827 392 2886 esse,
410 2805 527 2888 paucis
542 2805 671 2870 iusertis
686 2826 724 2870 eu
740 2805 912 2870 auuaiibus
928 2804 1079 2885 breuibus,
1097 2825 1176 2884 quae
1185 2803 1332 2884 proxime

158 2896 203 2957 ad
231 2895 335 2958 Notas
366 2895 399 2959 S.
428 2894 559 2976 Georoii
588 2895 769 2959 aeoeduut4.
830 2895 946 2958 Verum
980 2900 1025 2957 est
1056 2899 1071 2956 1
1103 2913 1333 2973 uouuuuquam

157 3003 266 3046 ueram
289 2983 448 3049 leetiouem
471 3005 620 3064 seruasse,
649 3004 745 3064 quam
769 2988 788 3046 2
812 2989 841 3047 et
864 2989 883 3045 3
908 2988 1088 3063 corruptam
1110 2982 1158 3045 oei
1179 2986 1333 3045 mutatam

158 3071 280 3153 habeut,
303 3073 490 3155 pleramque
512 3094 584 3137 oero
608 3071 642 3136 m·
665 3071 784 3137 codices
806 3077 931 3151 reetam,
966 3076 981 3133 1
1006 3069 1204 3134 immutatam
1234 3068 1331 3133 ieetio·

157 3182 230 3225 uem
251 3162 414 3242 praebeat.
467 3162 545 3227 Ideo
574 3168 690 3226 temtum
718 3160 813 3225 iuius
838 3158 947 3242 partis
974 3157 1147 3241 recoquooi.
1205 3156 1333 3223 Codices

157 3255 232 3314 suut
253 3248 304 3314 iri:

268 3333 297 3422 1)
331 3336 435 3403 Coum
463 3337 537 3403 oiim
570 3337 678 3403 Caroli
704 3335 829 3402 Martii
857 3337 966 3417 ciart,
996 3357 1076 3401 saee.
1102 3335 1181 3416 XV,
1205 3357 1241 3417 p.
1269 3339 1332 3398 104

266 3512 297 3597 2)
318 3513 422 3580 Codeu
438 3513 635 3580 biottomecoe
654 3513 878 3582 Uuioersitatis
897 3511 1152 3578 Tauriueusis
1171 3516 1331 3591 ur.1045,

159 3601 268 3684 chart,
292 3624 372 3670 saee.
392 3603 493 3685 XVI,
518 3625 556 3668 eu
577 3624 636 3684 quo
652 3605 708 3668 ios
723 3604 858 3668 auuaies
879 3622 977 3683 usque
999 3604 1044 3666 ad
1065 3623 1095 3665 a.
1116 3607 1210 3664 1218.
1235 3599 1334 3665 edidit

160 3812 186 3878 1)
203 3813 243 3863 Do
262 3813 325 3866 ioois
342 3814 419 3866 urbis
437 3814 592 3878 Mediolani,
615 3815 775 3880 praesertim
801 3813 832 3864 de
853 3817 998 3879 portarum
1016 3812 1071 3862 situ
1088 3811 1146 3861 uide
1163 3808 1330 3874 Fumaqoiii,

160 3883 206 3935 ‘Lo
223 3884 332 3936 Vioeude
350 3886 381 3936 di
397 3885 502 3937 Milauo
520 3886 634 3936 duranto
653 3885 681 3936 la
698 3900 800 3950 amorra
818 3899 864 3934 omi
882 3884 1011 3947 Foderiqo
1029 3881 1051 3935 1.
1078 3882 1245 3948 imperadoro
1268 3880 1333 3930 iilu-

158 3956 260 4010 strate'.
288 3956 490 4011 Milou01778.
518 3955 555 4010 4⁰.
646 3958 672 4021 2)
692 3955 724 4006 L.
745 3956 762 4010 l.
778 3972 807 4022 p.
821 3956 873 4008 336
886 3970 923 4020 sq.
1014 3952 1041 4018 3)
1062 3952 1127 4003 Vide
1144 3968 1230 4018 supra
1245 3968 1274 4018 p.
1289 3953 1332 4005 10.

158 4025 187 4091 4)
205 4025 246 4090 Cf.
264 4027 303 4080 W.
323 4028 354 4078 de
373 4027 536 4080 Giesebreoht
560 4026 579 4082 i.
600 4028 617 4080 l.
639 4045 668 4094 p.
688 4029 739 4080 337
752 4042 790 4092 sq.
827 4026 888 4076 Nou
911 4030 978 4075 reate
1001 4023 1117 4088 Giuir'ui,
1145 4023 1280 4074 ‘Memorio
1303 4022 1334 4072 di

159 4096 274 4150 Miiauo’
286 4098 341 4164 III,
358 4117 387 4167 p.
400 4102 461 4154 334.
474 4101 535 4154 428.
554 4099 604 4163 IV,
622 4116 650 4165 p.
664 4099 799 4151 2611176.
819 4097 926 4148 emiterii
945 4094 992 4146 hos
1010 4095 1122 4146 annales
1139 4111 1157 4145 a
1173 4093 1333 4157 Gothofrodo

159 4167 191 4219 de
202 4167 318 4221 Bussero
335 4173 488 4238 compositos
505 4186 566 4235 esse,
591 4186 649 4220 oum
666 4185 756 4220 eorum
775 4183 841 4234 quae
855 4167 931 4221 Gaio.
943 4166 1071 4217 Flamma
1088 4165 1138 4217 sub
1154 4166 1211 4215 eius
1228 4165 1333 4216 uomiue

159 4240 251 4292 attulit
276 4242 405 4306 quaedam
430 4243 534 4308 quidem
557 4243 587 4292 iu
605 4241 650 4293 aa
667 4239 813 4291 auuaiibus
836 4239 968 4304 leuantur,
993 4237 1053 4288 aiio
1070 4241 1158 4287 autem
1176 4236 1285 4286 miuime
1303 4236 1333 4284 iu

158 4325 190 4360 oa
215 4312 393 4367 iuoeuiautur.
430 4313 491 4364 Nou
515 4328 639 4378 ueqorem
659 4311 818 4375 Gothofredi
834 4310 974 4362 chronicam
999 4310 1030 4359 iu
1053 4307 1098 4359 his
1119 4306 1265 4358 auuaiibus
1287 4321 1332 4357 mo·

158 4383 287 4450 seriptum
305 4399 366 4448 esse,
385 4384 430 4436 sod
448 4384 494 4436 hoo
512 4384 662 4435 diiudicare
679 4397 782 4449 aequae.
