2932 4936
202 438 326 494 GESTA
344 437 525 493 FEDERIOI
543 439 565 496 1.
584 437 848 494 IMPERATORIS
866 439 909 494 IN
927 438 1165 499 LOMBARDIA„
1237 446 1271 500 51

1252 630 1267 661 ὃ

100 667 230 792 aa
253 667 445 793 aaa·
458 668 501 773 a
526 667 566 774 a
590 667 737 793 ,etta
761 668 841 775 a
958 669 1103 795 ,aa
1118 671 1149 776 t

99 819 208 881 usque
232 799 375 863 adsero
399 799 436 861 in
459 791 555 862 lutob
580 798 725 875 iacebat,
750 801 786 863 et
810 803 930 882 postea
952 800 1133 864 semivivus
1157 801 1272 866 effere·

99 888 219 965 batur;
251 890 287 951 et
310 886 412 949 multi
436 889 618 970 propterea
641 887 827 970 perierunt.
874 887 1026 953 Ventum
1049 892 1102 953 est
1125 890 1272 972 denique

377 1058 590 1125 Codaanalli
611 1058 778 1110 Libellus
802 1061 994 1114 tristitiae.

98 1163 217 1218 Alberto
230 1168 257 1218 et
270 1164 402 1219 Anselmo
415 1165 449 1217 de
463 1163 539 1232 Orto,
558 1167 589 1217 ut
606 1163 640 1217 de
656 1180 725 1232 paee
744 1172 820 1216 eum
838 1153 1044 1236 imperatore
1063 1165 1270 1233 loquerentur.

99 1242 229 1306 Audite
265 1245 300 1306 et
334 1241 522 1323 intelligite
557 1241 730 1322 quoddam
764 1235 925 1304 crudele(1
958 1243 994 1305 et
1023 1242 1208 1325 pessimum
1237 1247 1273 1308 et

98 1330 347 1412 nequissimum
369 1329 490 1394 nefax!
539 1329 675 1412 Captivi
700 1332 735 1393 et
758 1329 962 1392 incarcerati
986 1331 1028 1394 de
1047 1330 1188 1394 civitate
1204 1331 1271 1396 Me·

99 1419 240 1495 diolani,
272 1419 332 1500 qui
363 1418 609 1482 detinebantur
640 1417 683 1480 ab
714 1418 929 1501 imperatore,
958 1418 1083 1481 vinctis
1113 1419 1271 1483 manibus

98 1510 135 1571 et
157 1507 195 1569 in
218 1506 439 1590 conpedibm,
471 1527 550 1570 cum
576 1505 745 1589 ningebat
768 1510 804 1570 et
826 1505 965 1570 fortiter
988 1506 1140 1590 pluebat,
1172 1527 1271 1590 pone·

98 1595 228 1658 bantur
250 1596 287 1658 in
310 1594 444 1679 plateis,
468 1596 506 1658 in
522 1595 646 1677 quibus
670 1598 745 1658 erat
766 1588 898 1657 ‘lutum
921 1615 1085 1677 magnum
1109 1599 1144 1659 et
1167 1615 1368 1677 aquapaan.

99 1687 135 1747 et
158 1685 224 1747 hoc
247 1684 434 1766 imperator
456 1682 617 1759 faciebat,
648 1687 690 1744 ut
718 1683 761 1747 ab
786 1684 834 1747 eie
857 1687 973 1766 posset
996 1684 1197 1767 peccuniam
1220 1704 1271 1748 ex·

96 1775 268 1854 torquere.
314 1782 351 1837 Et
369 1784 416 1851 qui
434 1783 614 1853 peccuniame
638 1783 672 1835 ab
696 1783 821 1851 aliquo
846 1784 961 1852 petitam
986 1783 1051 1839 dare
1076 1801 1133 1838 non
1155 1788 1271 1854 poterat,

98 1889 207 1925 amane
220 1888 305 1940 usque
324 1872 360 1925 ad
377 1888 551 1940 vesperas
569 1871 598 1923 in
616 1871 675 1924 luto
694 1875 729 1924 et
746 1871 897 1940 pescina
914 1872 1029 1940 iacebat,
1049 1864 1084 1925 et
1099 1862 1175 1939 hoe,
1193 1882 1272 1926 eum

98 1953 174 2013 erat
196 1948 430 2013 intollerabile
445 1949 556 2031 frigus
580 1951 616 2011 et
632 1948 729 2030 gelu3
753 1964 849 2028 postea
868 1959 1050 2014 seeundof
1072 1961 1175 2028 quasi
1192 1961 1271 2015 aemi·

97 2032 166 2085 vivi
192 2031 277 2084 inde
305 2031 638 2097 extrahebantur83
667 2035 696 2083 et
720 2031 799 2083 multi
827 2048 868 2084 ex
894 2031 972 2084 illis
998 2032 1039 2085 ob
1064 2031 1099 2085 id
1122 2032 1271 2101 perierunt.

98 2107 167 2186 Qui
192 2127 303 2172 comes
327 2109 369 2172 de
393 2107 565 2171 Blandate
597 2110 632 2171 et
663 2108 746 2170 socii
776 2108 813 2170 in
841 2109 934 2170 hunc
957 2109 1098 2172 modum
1121 2109 1163 2172 dc
1186 2128 1270 2192 pace

97 2197 324 2280 conponenda
348 2217 426 2261 cum
448 2197 654 2279 imperatore
676 2199 882 2259 tractavere:
913 2195 1075 2260 videlicet
1097 2197 1190 2279 quod
1212 2197 1271 2260 im·

96 2289 236 2368 perator
251 2285 401 2349 debebat
418 2285 592 2349 dimittere
616 2284 792 2348 civitatem
815 2287 851 2348 et
873 2284 1096 2349 fortitudines
1120 2285 1270 2349 civitatis

96 2374 135 2436 in
159 2394 220 2437 suo
243 2377 347 2450 statu,
372 2375 449 2437 iura
469 2373 608 2455 quidem
631 2375 667 2436 et
690 2374 917 2454 possessiones
935 2373 1064 2437 civibus
1081 2372 1270 2437 Mediolani

97 2465 133 2526 et
158 2462 335 2525 districtus
359 2463 474 2544 quiete
496 2460 691 2542 relinquere
701 2460 722 2523 1.

208 2550 381 2632 Oumque²
400 2552 466 2613 hoc
482 2552 700 2626 tractaretur,
726 2553 761 2613 et
784 2551 970 2634 imperator
985 2549 1092 2614 vellet
1107 2551 1151 2614 ad
1167 2550 1270 2614 finem
1280 2574 1323 2624 (aa)

98 2639 300 2723 perducere,
332 2640 474 2703 credens
504 2638 648 2701 firmiter
678 2639 855 2702 civitatem
884 2639 982 2702 nullo
1011 2640 1113 2703 modo
1142 2639 1270 2704 habere

98 2747 212 2811 posse,
248 2728 386 2808 quidam
422 2729 474 2790 vir
508 2726 750 2808 nequissimus,
791 2727 898 2811 ipsius
933 2728 1084 2791 civitatis
1118 2726 1268 2804 consule

99 2816 270 2879 Iordanus
301 2815 566 2879 Scacabarocius
596 2815 748 2893 nomine,
783 2816 946 2900 proditor,
977 2817 1124 2880 traditor
1153 2815 1270 2879 nefan-

100 2904 260 2967 dissimus
284 2908 319 2968 εὴ
342 2903 624 2968 sceleratissimus
652 2905 814 2982 omnium,
846 2903 936 2967 clam
967 2907 1002 2968 et
1030 2896 1184 2987 privateh
1211 2904 1270 2967 sci·

99 2991 188 3056 lenti
222 2996 323 3056 nocte
359 2994 403 3055 ad
433 2993 643 3074 loquendum
674 3011 753 3055 cum
782 2993 988 3076 imperatore
1017 2992 1161 3075 perexit,
1197 3012 1270 3074 pro·

100 3183 122 3229 a)
136 3183 206 3220 multa
219 3181 322 3220 excidisse
339 3182 380 3220 hoe
398 3182 444 3221 loeo
458 3186 528 3231 patet,
546 3192 601 3231 quac
619 3194 646 3222 aa
660 3184 679 3221 B
696 3183 793 3230 suppleri·
810 3185 918 3230 nequeunt.
947 3181 1005 3219 Nam
1018 3190 1073 3230 quaa
1085 3184 1202 3230 amamur
1215 3181 1238 3219 tn
1251 3182 1271 3219 B

99 3235 151 3273 atto
167 3235 336 3282 Codapneiiiana
350 3236 433 3283 saepta
447 3246 490 3274 ecce
503 3237 658 3275 euidentissima
672 3239 771 3284 apparat,
790 3239 813 3272 ut
831 3235 968 3273 atatnandum
985 3235 1013 3273 eit
1031 3245 1085 3282 quac
1102 3235 1243 3282 sequebantur
1256 3246 1270 3272 a

101 3289 232 3336 Godaanalla
246 3293 365 3336 aerumma,
384 3289 421 3327 aad
434 3290 458 3326 in
472 3290 543 3327 maius
556 3290 615 3327 elata
629 3290 738 3338 certantia
751 3292 882 3336 eaacpnata
897 3297 947 3330 ceca.
1009 3287 1033 3335 b)
1047 3288 1105 3326 lecto
1119 3288 1146 3328 A.
1207 3289 1227 3335 c)
1240 3287 1271 3326 cia

100 3341 122 3380 P
133 3352 180 3379 cam
194 3342 227 3388 A,-
240 3341 371 3390 loqueretur
385 3343 411 3383 B.
465 3340 489 3391 d)
504 3340 573 3382 crude
587 3343 613 3383 B.
668 3341 690 3394 e)
704 3346 839 3390 extorquere
853 3343 931 3379 iterum
945 3341 1032 3383 add.B.
1084 3338 1270 3389 ncic(sod¹o)B,

100 3395 157 3444 quod
171 3399 297 3442 corruptum
311 3395 402 3436 addar.
456 3398 479 3444 g)
493 3395 642 3435 extrahantur
654 3397 681 3437 B.
734 3396 758 3442 h)
772 3394 879 3444 priuatim
892 3395 917 3437 P.

102 3553 129 3620 1)
145 3552 248 3604 Eadem
266 3555 321 3617 fere
339 3555 369 3605 in
383 3554 557 3621 prioreparte
575 3570 601 3607 a.
616 3555 694 3608 1158.
717 3559 820 3606 statuta
841 3569 895 3605 essa
913 3553 1031 3618 Cadaan.
1056 3554 1165 3620 scripsit
1186 3568 1271 3620 enpm

98 3641 127 3692 p.
140 3627 184 3678 33.
250 3626 278 3691 2)
296 3625 368 3688 Quae
386 3631 533 3691 sequantur
550 3626 640 3676 omnia
655 3626 752 3692 proed
769 3625 849 3676 datio
866 3640 884 3675 a
897 3623 1056 3689 Codaqnello
1072 3625 1182 3688 condeta
1199 3631 1270 3689 eant,

101 3697 191 3746 onznia
209 3696 279 3746 enini
297 3696 359 3747 etilo
376 3697 433 3747 ains
451 3698 553 3763 scripta
571 3697 676 3762 ainsqne
694 3695 773 3747 diatic
790 3697 918 3747 conantia
935 3696 1037 3758 referta
1058 3701 1129 3760 enni,
1152 3699 1271 3746 eatrama

96 3772 177 3834 parte
200 3766 281 3817 linias
301 3767 473 3817 narrationis
490 3783 523 3818 aa
543 3767 630 3818 Gestis
647 3767 751 3833 qnidam
769 3771 884 3832 camptu,
911 3765 956 3816 ced
977 3771 1056 3816 ancta
1080 3771 1104 3816 at
1125 3765 1271 3832 depravata

100 3852 118 3887 a
138 3836 305 3901 Codaqneilo.
399 3837 427 3904 3)
451 3838 563 3888 Minime
588 3837 681 3888 conani
704 3837 759 3900 fnit
782 3837 925 3889 Iordanns.
966 3836 1013 3886 Ea
1036 3850 1064 3887 eo
1086 3836 1155 3902 qnod
1179 3841 1272 3886 unctor

101 3907 208 3960 Medici.
230 3908 308 3971 infra
323 3925 353 3975 p.
370 3909 414 3962 58.
436 3924 495 3959 anm
514 3908 681 3975 proditorem
698 3908 771 3972 dicit,
792 3906 909 3970 Codaan.
928 3905 998 3957 hana
1015 3906 1137 3970 fabulam
1154 3907 1270 3972 ineptam

100 3985 259 4029 commentae
270 3994 323 4030 cccc
335 3980 447 4032 cidctnr.
476 3979 549 4030 Certa
567 3978 615 4029 doc
633 3977 687 4029 ioco
704 3977 777 4028 nihil
788 3977 819 4028 di
831 3977 950 4028 Iordane
965 3976 1104 4043 proditore
1120 3976 1154 4028 ab
1165 3983 1271 4028 anetam

100 4049 296 4100 Mediolanensi
320 4051 452 4100 traditam
476 4055 543 4115 crat,
571 4065 630 4100 carn
651 4064 696 4100 nce
717 4049 861 4099 Tristanne
879 4045 994 4098 wittae
1010 4047 1156 4112 quidquam
1173 4047 1223 4097 liae
1240 4047 1271 4097 da

99 4135 130 4170 re
152 4121 298 4186 scripserit.
335 4121 455 4172 Similem
478 4120 601 4184 fabulam
621 4120 697 4172 Galo.
716 4119 851 4183 Flamma,
877 4117 961 4168 ‘Mica
985 4117 1016 4166 di
1036 4118 1122 4167 storia
1139 4116 1271 4167 Italrana'

105 4190 167 4254 VII,
184 4208 213 4257 p.
227 4192 278 4244 649
291 4207 328 4256 eq.
348 4193 401 4245 680
413 4207 467 4257 sqq.
480 4207 513 4242 aa
525 4191 649 4241 Danielis
661 4191 733 4242 Hist.
745 4190 869 4240 comitam
880 4188 911 4238 da
923 4186 1053 4252 Inptaaio,
1071 4201 1146 4253 apere
1158 4187 1272 4250 falsarii

100 4261 172 4326 (aaa
189 4268 312 4329 excerpta
330 4263 426 4312 ibidem
444 4264 473 4312 in
491 4263 561 4313 notis
578 4261 672 4326 adita),
691 4266 799 4313 narrat.
836 4258 881 4310 Ibi
897 4259 968 4309 inter
983 4258 1133 4325 proditores
1146 4257 1271 4307 Andrias

100 4331 324 4383 Saachabarotinc
335 4334 506 4393 noininatnr,¹
518 4333 553 4396 cf.
565 4332 604 4382 W.
617 4333 649 4383 da
660 4329 823 4383 warnabi
836 4330 866 4381 in
880 4328 1077 4392 ‘Formhanqcn
1087 4344 1111 4381 2.
1124 4325 1271 4378 Druentia

101 4401 204 4456 Genab'
222 4402 302 4467 XXI,
319 4420 348 4470 p.
361 4405 423 4457 330.

1023 4503 1057 4557 4*
