2932 4936
200 361 254 418 EX
271 361 403 417 IAGOBI
421 361 612 432 AQUuNSIS
630 361 797 418 GRONIOA
815 361 1010 417 YMAGINIS
1029 362 1163 418 MUNDI.
1237 367 1272 420 95

98 547 217 610 timuit
252 550 287 610 et
321 546 416 610 misit
449 550 567 611 nostro
602 546 814 630 imperatori,
854 547 946 629 quod
979 546 1055 610 vult
1090 547 1171 610 dare
1206 547 1360 614 sibinso.

98 633 265 698 victualia
293 635 445 718 pacifice.
492 634 684 718 Imperator
707 655 787 699 vero
810 639 927 699 noster
953 631 1102 719 [propter
1124 635 1271 698 fetorem

99 717 343 803 mortuorumll
368 724 458 806 petit
481 743 501 787 a
524 723 667 787 soldano
683 723 748 787 sibi
764 723 838 786 dari
854 723 1009 807 obsydes‚
1034 728 1074 787 ut
1097 724 1204 807 possit
1228 725 1270 788 de

97 833 139 876 eo
163 812 344 877 confidere.
390 811 436 875 lat
460 811 557 876 dedit
572 811 671 875 nobis
687 811 831 895 obsydes
848 811 977 875 IIII⁰¹2
1000 813 1042 876 de
1059 812 1270 896 principibus
1280 834 1397 884 (uaria).

99 901 179 965 suis.
226 900 272 963 Et
295 901 360 963 hoc
383 900 478 964 facto
500 901 697 964 retrocessit
720 920 741 964 a
764 900 903 964 civitate
927 901 990 964 illa
1009 902 1195 984 imperator
1211 921 1271 984 per

98 990 167 1053 tria
196 988 345 1052 miliaria
374 992 514 1072 propter
536 988 684 1053 fetorem
708 991 930 1051 mortuorum.
977 990 1081 1053 Modo
1105 990 1271 1054 habemus

98 1079 213 1142 forum
236 1077 279 1140 de
302 1077 520 1153 victualibus,
550 1081 669 1142 tamen
698 1078 800 1140 nimis
824 1097 941 1140 carum
951 1077 972 1138 ³.
1020 1077 1065 1141 Et
1089 1079 1170 1160 quia
1193 1079 1271 1161 equi

100 1166 301 1231 defecerunt
324 1166 433 1241 nobis,
465 1166 546 1248 quia
568 1165 647 1229 illos
672 1167 935 1242 comederamus‚
967 1165 1056 1249 petit
1086 1167 1272 1249 imperator

99 1259 215 1319 noster
246 1275 266 1318 a
296 1254 438 1318 soldano
470 1254 735 1318 sarracenorum
764 1254 878 1317 forum
908 1255 951 1318 de
981 1255 1086 1336 equis.
1134 1255 1179 1317 Et
1209 1255 1271 1318 sol-

99 1344 209 1407 danus
238 1343 324 1406 fecit
354 1343 422 1406 cito
445 1343 562 1406 venire
592 1344 775 1406 maximam
804 1343 1065 1406 multitudinem
1095 1363 1269 1425 equorum,

98 1436 216 1496 tamen
231 1432 471 1496 vendebantur
487 1431 661 1495 carissimi.
691 1431 898 1495 Vendebant
914 1432 1006 1494 enim
1021 1452 1129 1493 unum
1146 1451 1271 1514 equum

101 1524 239 1585 centum
262 1521 440 1584 marchasa
468 1521 613 1602 argenti.
660 1520 756 1584 Tunc
786 1519 894 1603 aliqui
921 1524 1077 1584 nostrum
1106 1524 1270 1604 ceperunt

100 1609 132 1672 in
165 1610 309 1674 emendo
340 1609 496 1692 decipere
525 1608 604 1672 illos
627 1607 780 1672 Turchos
811 1613 846 1673 et
876 1610 958 1674 dare
988 1609 1036 1672 eis
1066 1602 1147 1692 prob
1175 1609 1280 1691 equis¹

100 1698 228 1761 malum
252 1700 443 1780 argentum.
491 1696 591 1774 Quod
614 1701 654 1760 ut
678 1698 838 1780 cognovit
862 1698 1034 1773 soldanus,
1064 1701 1270 1781 conquestus

101 1790 151 1850 est
174 1787 217 1850 de
241 1786 306 1849 hoc
331 1790 415 1869 aput
439 1787 680 1869 imperatorem
703 1790 870 1849 nostrum.
917 1786 1109 1870 Imperator
1124 1807 1205 1850 vero
1223 1806 1270 1850 re·

100 1876 191 1939 misit
215 1875 281 1950 ei⁰,
306 1875 399 1956 quod
422 1875 488 1937 hoc
512 1874 729 1950 estfactum,
754 1875 836 1957 quia
855 1894 959 1957 equos
975 1876 1131 1939 vendunt
1154 1870 1267 1938 ulrra⁶

100 1983 201 2044 quam
231 1962 369 2026 debent.
416 1963 462 2025 Et
490 1967 575 2026 tunc
606 1967 658 2026 est
688 1963 898 2040 ordinatum,
930 1964 1022 2045 quod
1052 1964 1094 2026 de
1124 1968 1270 2045 utraque

101 2057 201 2134 gente
225 2052 296 2114 sint
318 2052 544 2115 mediatorese
572 2053 663 2114 inter
684 2045 876 2115 ementemf
903 2055 938 2114 et
955 2052 1177 2115 vendentem.
1225 2051 1269 2114 Et

100 2140 146 2228 sic
168 2141 303 2204 factum
326 2144 379 2204 est
402 2144 437 2203 et
461 2144 596 2204 servata
619 2140 753 2203 iustitia
776 2141 818 2203 de
841 2140 955 2223 precio
979 2141 1147 2203 ordinato.

267 2310 317 2364 Du
335 2310 428 2365 ALIO
448 2310 588 2365 PRELIO
608 2309 762 2364 CONTRA
781 2309 1060 2364 TUROHIMANOS
1072 2321 1100 2366 ε.

205 2406 392 2488 Postquam
414 2405 605 2469 recedimus
629 2425 650 2468 a
671 2409 765 2468 terra
788 2404 932 2481 soldani,
949 2406 1105 2469 venimus
1129 2407 1173 2469 ad
1189 2405 1269 2468 Tur-

102 2495 309 2570 chiman0s⁸‚
346 2495 405 2576 qui
439 2497 521 2557 sunt
555 2494 711 2557 homines
746 2497 897 2576 agrestes
933 2498 968 2558 et
1002 2494 1075 2560 sine
1110 2495 1206 2577 lege⁰
1235 2498 1270 2558 et

100 2583 242 2647 ratione.
288 2582 334 2646 Et
363 2583 422 2645 isti
451 2582 589 2646 fortiter
619 2603 681 2646 nos
710 2582 916 2666 impugnant
946 2588 981 2646 et
1006 2603 1083 2647 cum
1106 2583 1211 2666 lignis
1235 2587 1270 2647 et

101 2670 271 2754 lapidibus
301 2675 337 2735 et
365 2675 467 2735 nocte
498 2674 533 2735 et
563 2671 627 2747 die,
660 2675 695 2735 et
718 2671 782 2734 viri
810 2675 845 2735 et
868 2670 1044 2749 mulieres;
1077 2676 1112 2736 et
1142 2672 1269 2736 multos

102 2760 141 2823 de
164 2759 235 2823 illis
258 2761 455 2824 occidimus.
501 2759 547 2822 Et
570 2763 822 2843 persequuntur
844 2781 917 2836 nos,
942 2780 1050 2843 usque
1074 2761 1157 2823 dum
1180 2762 1269 2825 veni·

100 2869 173 2912 mus
197 2849 234 2911 in
249 2849 458 2912 Armeniam.
494 2847 538 2910 In
554 2849 717 2912 Armenia
733 2852 850 2912 autem
873 2853 955 2911 sunt
970 2852 1103 2912 montes
1119 2849 1268 2924 maximi,

100 2957 200 3020 super
223 2958 307 3020 quos
329 2937 545 3000 ascendimus
568 2956 685 3000 omnes
708 2957 786 3000 cum
806 2937 953 2999 maximo
969 2936 1101 3013 labore;
1128 2941 1163 3000 et
1183 2940 1269 2999 tunc

100 3018 341 3089 Turchimanih
369 3026 551 3088 dimittunt
580 3046 652 3088 nos.
699 3024 742 3086 In
771 3025 839 3088 ista
868 3029 986 3089 autem
1012 3018 1186 3088 Arminiai
1221 3026 1269 3087 in·

100 3115 254 3177 venimus
274 3115 428 3178 homines
444 3114 693 3177 ultramodum
709 3113 881 3178 silvestres
905 3117 940 3177 et
964 3107 1088 3177 durosk
1107 3115 1149 3177 de
1165 3115 1269 3176 omni·

100 3202 161 3265 bus
192 3207 228 3267 et
256 3204 412 3278 rusticos,
443 3206 562 3266 tamen
592 3203 677 3265 dant
707 3202 806 3266 nobis
835 3202 948 3265 forum
979 3204 1021 3266 de
1049 3203 1268 3267 victualibus.

99 3291 202 3355 Modo
238 3292 475 3355 descendimus
515 3292 559 3355 ad
593 3311 753 3373 magnam
792 3290 973 3375 planitiem
1007 3296 1042 3355 et
1076 3291 1269 3355 invenimus

99 3379 226 3444 fiumen
257 3400 420 3463 magnum
449 3380 588 3444 nomine
620 3378 763 3463 Calphy.
810 3379 856 3442 Et
884 3379 1040 3442 vadimus
1071 3399 1131 3464 per
1159 3381 1269 3464 ripam

99 3467 249 3532 fluminis
273 3488 334 3552 per
357 3470 442 3532 duos
467 3468 538 3532 dies
562 3488 640 3531 cum
663 3469 812 3532 maxima
828 3468 1062 3532 consolatione
1086 3472 1121 3532 et
1144 3469 1267 3545 letitia,

99 3658 164 3709 a)sic
179 3658 240 3700 codd.
281 3659 304 3707 b)
318 3670 346 3701 m.
360 3669 407 3707 arg.
422 3669 462 3707 pro
477 3670 512 3707 eq.
526 3658 574 3700 Ba.
616 3659 636 3705 c)
650 3658 764 3700 deuter.
807 3657 830 3705 d)
844 3660 998 3703 aliterBl.2,
1037 3661 1059 3706 e)
1072 3656 1207 3698 mediatores
1221 3660 1269 3700 Β1.

99 3709 197 3758 ovend
211 3716 235 3751 et
249 3722 290 3753 em.
304 3713 352 3754 132.
420 3714 442 3760 g)
457 3711 587 3751 turchlanos
601 3711 628 3751 A.
691 3711 715 3758 h)
729 3711 868 3751 turchlniani
882 3714 908 3754 Α.
969 3713 985 3760 i)
998 3713 1029 3750 sie
1042 3713 1087 3755 iil.
1102 3711 1187 3759 Ml,
1206 3713 1270 3759 infra

99 3765 232 3812 etiamB25
249 3765 408 3807 armeniam.
423 3765 470 3806 Ba.
525 3765 548 3812 k)
563 3764 711 3806 stadam.

100 3907 125 3973 1)
143 3907 217 3958 Miro
229 3908 304 3959 modo
323 3907 385 3958 haec
399 3907 484 3973 vato,
504 3922 571 3972 quoe
589 3907 665 3957 uncie
682 3905 789 3970 inclusi,
809 3905 857 3956 hoc
876 3907 930 3958 loco
944 3923 1088 3974 perperam
1103 3909 1193 3975 posito
1211 3925 1268 3960 eum

100 3979 186 4029 Gestis
204 3980 366 4043 conveniunt,
386 3994 452 4045 quoe
470 3978 549 4041 infre
566 3982 710 4029 recurrunt
726 3982 794 4027 recto
807 3976 869 4030 loeo.
923 3977 951 4043 2)
967 3979 1071 4042 Vipinti
1082 3979 1182 4031 obsides
1194 3981 1270 4032 dotes

98 4055 281 4101 proteratur
303 4050 408 4113 Teperro
426 4049 566 4115 (Mopsus,
586 4047 723 4109 Ansberi.)
741 4048 893 4114 aepistola
911 4048 959 4101 SS.
978 4049 1043 4114 XX,
1059 4066 1089 4117 p.
1103 4052 1164 4105 495.
1198 4051 1270 4102 Unde

98 4127 190 4171 eumer
208 4121 281 4173 Hist.
299 4120 396 4174 Fredr.
415 4116 534 4172 XXIIII
558 4120 695 4186 scripsisse
719 4118 831 4182 sidetem
857 4125 888 4169 ut
910 4119 988 4170 Gesta
1014 4126 1038 4170 et
1064 4121 1215 4174 ‘L’Estoire
1239 4122 1270 4171 de

99 4191 219 4242 Eraeles’
237 4207 258 4244 c.
277 4192 320 4244 24.
346 4193 376 4242 in
401 4191 516 4242 ‘Recueil
533 4191 578 4241 des
595 4190 658 4243 bist.
682 4189 727 4240 des
744 4189 883 4254 croisades,
910 4190 982 4244 Hisr.
1000 4191 1090 4245 occid!
1109 4192 1148 4258 II,
1165 4210 1194 4259 p.
1209 4193 1268 4247 135.

99 4261 202 4315 bobert.
256 4260 284 4327 3)
301 4262 366 4327 Hoc,
387 4263 456 4328 quod
473 4264 503 4312 in
517 4263 603 4314 Gestis
615 4275 668 4311 non
680 4259 800 4325 habeor,
820 4262 995 4325 confirmetur
1006 4261 1092 4314 verbis
1107 4263 1269 4327 Tapenonis:

99 4334 127 4383 et
144 4331 167 4383 si
185 4348 248 4384 care
265 4331 438 4387 venderetur.
