2932 4936
203 405 239 458 26
311 400 435 455 ansts
453 398 633 454 FEDERIOI
650 399 673 454 Ι.
692 397 957 454 IMPERATORJS
976 398 1018 453 IN
1036 398 1276 458 LOMBARDIA.
1352 478 1355 483 ⁴

116 598 194 652 1157.
204 584 273 647 suis
311 581 600 646 circundederunt
634 581 748 644 locum
782 581 825 645 de
852 581 1027 663 Vigivani,
1063 583 1114 644 ita
1147 583 1239 665 quod
1273 603 1381 648 nemo

204 675 340 756 poterat
363 670 518 752 ingredia
545 670 600 733 vel
623 669 724 733 exire.
770 669 816 732 llt
846 689 924 732 cum
953 690 1014 753 per
1044 670 1197 752 aliquot1
1221 671 1294 735 dies
1318 691 1379 736 eos

204 759 417 823 obsedissent
452 761 487 821 et
516 759 609 821 intus
645 757 777 820 clausos
811 758 1017 834 tenuissent,
1055 758 1291 823 defitientibus
1327 761 1378 825 eis

84 870 195 919 (rums).
203 846 411 910 victualibus
441 846 667 909 reddiderunt
698 845 878 909 castellum
902 850 937 909 et
960 847 1160 910 iuraverunt
1188 851 1280 911 stare
1304 867 1380 931 pre·

205 938 304 1018 cepto
332 934 489 1017 magistri
512 927 728 998 (lruintelmib
756 938 791 998 et
815 934 985 997 dederunt
1015 935 1200 998 (1110111101ο
1229 935 1378 1014 obsides,

204 1043 288 1105 quos
316 1022 443 1104 eligere
470 1023 663 1098 voluerunt,
696 1026 792 1085 extra
822 1023 962 1086 comites
993 1026 1028 1085 et
1057 1023 1282 1087 marchiones.
1330 1025 1381 1088 Mt

203 1114 287 1174 tunc
322 1111 515 1194 potuissent
548 1110 823 1174 Mediolanenses
858 1106 1086 1174 destrurrisse‘l
1121 1112 1278 1195 Papiam,
1315 1115 1380 1177 sed

204 1219 321 1262 eornm
344 1199 476 1263 miserti
500 1202 591 1262 sunt.

259 1329 261 1334 ι
310 1287 496 1351 Destructo
531 1286 648 1369 itaque
683 1286 825 1349 castello
853 1287 998 1368 regressi
1028 1290 1109 1350 sunt
1138 1288 1379 1351 Mediolanum

203 1377 351 1438 maximo
385 1375 576 1458 triumpho,
612 1377 846 1438 restaurantes
881 1375 1043 1458 dampna,
1080 1395 1145 1457 que
1180 1376 1379 1440 Brixienses

204 1464 450 1527 sustinuerant.
497 1463 621 1527 Postea
643 1482 723 1525 vero
752 1481 830 1524 cum
853 1463 1036 1546 Papienses
1066 1465 1297 1548 periurassent
1327 1469 1380 1528 at·

204 1572 269 1634 que
299 1554 463 1634 precepta
491 1550 648 1633 magistri
673 1544 888 1614 Gruintelmib
916 1551 1104 1634 adimplere
1126 1556 1344 1616 recusassent
1354 1554 1376 1630 2,

139 1663 195 1709 aa.
204 1659 320 1702 mense
337 1639 514 1720 Augustoe
535 1639 688 1723 proximo
704 1639 854 1721 quinque
877 1644 974 1722 porte
991 1640 1118 1703 iterum
1133 1640 1379 1723 equitaverunt

480 1829 692 1893 Coelaqnelli
713 1828 878 1881 Libellus
901 1830 1096 1884 tristitiae.

204 1913 456 1997 excluserunt
488 1932 570 1984 nun
591 1932 656 1985 aur
682 1933 715 1985 se
733 1933 892 1986 mantibus
910 1931 1060 1985 Mediolani
1078 1933 1301 1987 interfuerunt.
1339 1934 1379 1989 nt

205 2022 243 2059 ea
268 2005 311 2058 die
336 2002 635 2057 Mediolanenses
661 2020 781 2056 omnes
807 2004 900 2057 castris
926 2003 979 2056 suis
1004 2004 1155 2073 burgum
1178 2004 1211 2056 de
1230 2004 1377 2072 Vegivano

204 2074 449 2141 circumdederunt,
469 2073 507 2126 ita
526 2074 599 2140 quod
617 2091 698 2127 nemo
717 2077 859 2143 poterate
899 2074 969 2127 edis
988 2075 1032 2126 vel
1050 2073 1155 2130 exireh.
1188 2074 1306 2128 Etcum
1325 2094 1377 2144 per

204 2146 307 2213 aliquot
325 2145 381 2197 dies
401 2161 446 2197 eos
466 2144 634 2198 obsedissent
652 2148 680 2197 et
697 2145 769 2197 intus
789 2144 856 2198 illu
901 2148 1059 2198 castrum
1078 2162 1137 2198 eos
1156 2145 1260 2198 clausos
1273 2147 1377 2200 tenuis-

203 2221 270 2284 sent,
290 2215 489 2269 deffinientibus
509 2216 545 2268 eis
558 2215 720 2269 victualibus
738 2215 916 2268 reddiderunt
931 2216 1071 2268 castellum
1089 2216 1125 2267 in
1142 2216 1283 2270 virtute
1302 2216 1376 2270 Me-

203 2287 481 2340 diolanensium.
518 2285 586 2354 Qui
610 2284 786 2338 iuraverunti
812 2289 883 2339 stare
905 2289 1034 2354 precepto
1056 2286 1179 2353 magistri
1197 2285 1330 2339 Guitelmi
1349 2291 1378 2342 et

203 2375 311 2425 super
335 2357 401 2410 hoc
427 2356 563 2410 dederunt
581 2356 712 2409 ducentos
732 2356 845 2423 obsides,
872 2373 939 2424 quos
957 2355 1255 2410 Mediolanenses
1274 2357 1377 2427 eligere

166 2456 168 2461 '
195 2446 355 2512 voluerunt,
380 2448 507 2513 preter
532 2445 644 2497 comites
668 2447 695 2498 et
715 2445 900 2509 marchionem
932 2436 967 2496 et
997 2432 1194 2496 habuerunt
1223 2436 1307 2496 tunc
1338 2436 1377 2496 in

203 2541 321 2584 eorum
343 2522 472 2584 virtute
502 2524 537 2583 et
565 2523 737 2604 potestate
766 2522 840 2584 fere
870 2541 987 2584 omnes
1016 2520 1144 2585 milites
1175 2525 1211 2585 et
1240 2522 1375 2604 pedites

203 2608 339 2691 Papiess.
381 2619 418 2672 Et
437 2637 475 2673 10
494 2624 658 2687 tempore
676 2619 893 2674 Mediolanenses
910 2621 1063 2689 potuissent
1074 2619 1188 2688 Papiam
1201 2620 1375 2689 destruxisse,

203 2708 252 2761 sed
267 2696 428 2759 conscilio
444 2696 671 2777 quorumdam
686 2697 836 2759 virorum
855 2698 1050 2781 sapientum
1069 2708 1109 2762 de
1129 2708 1179 2762 eis
1197 2708 1374 2761 misericor-

204 2778 297 2832 diam
314 2778 530 2835 habuerunt.

164 2858 194 2906 (9)
309 2848 454 2902 Destructo
473 2850 565 2917 itaque
584 2848 694 2902 castello
714 2866 790 2902 cum
808 2866 929 2919 magno
947 2849 1087 2916 triumpho
1106 2849 1233 2902 reversi
1252 2852 1315 2901 sunt
1333 2850 1377 2902 ad

202 2921 369 2988 propria,
392 2924 574 2974 restaurantes
592 2919 806 2973 Brixiensibus
825 2919 943 2972 omnia
961 2919 1087 2988 dampna,
1107 2936 1160 2987 que
1178 2919 1275 2987 passi
1293 2918 1375 2972 fue·

202 2995 293 3047 runt.
323 2991 424 3045 Postea
439 2990 664 3059 veroPapienses
683 2990 844 3043 deierati
862 2994 960 3056 sunt,
979 2993 1161 3043 recusantes
1180 2989 1377 3044 attendere

203 3083 238 3132 et
257 3079 404 3147 adimplere
420 3082 549 3148 precepta
561 3079 684 3147 magistri
696 3077 835 3134 Guilelmi.
871 3077 945 3146 Quo
964 3078 1076 3145 facto,
1097 3085 1175 3129 cum
1190 3066 1375 3149 Papienses

202 3154 394 3219 noluissent
424 3155 602 3219 attendere
633 3159 669 3218 et
698 3153 879 3218 observare
913 3157 1075 3237 precepta
1106 3155 1262 3237 magistri
1292 3153 1375 3218 eui-

138 3242 315 3319 nctelmi,
345 3254 414 3307 dek
440 3271 533 3308 mense
558 3254 678 3324 Augusti
701 3253 844 3322 proximol
871 3254 990 3321 quinque
1014 3257 1094 3322 porte
1119 3253 1374 3309 Mediolanen-

203 3465 225 3517 a)
238 3467 269 3504 sie
283 3467 312 3514 P,·
331 3463 408 3514 egredi
421 3465 447 3506 Α.
457 3466 489 3514 Β,·
510 3466 538 3512 ct.
552 3476 621 3512 supra
630 3477 655 3514 p.
664 3467 685 3515 9,
700 3477 720 3508 n.
730 3465 749 3508 2.
763 3469 783 3504 et
792 3477 817 3514 p.
826 3466 864 3505 22:
884 3467 970 3505 intrare
984 3467 1021 3506 vel
1036 3466 1105 3510 exire.
1160 3467 1183 3514 b)
1198 3466 1333 3506 Guintelllnl
1346 3467 1374 3510 A,

203 3521 224 3567 c)
238 3520 285 3561 obs.
300 3516 350 3560 duc.
364 3530 421 3560 corr.
435 3516 486 3560 duc.
500 3519 546 3560 obs.
561 3519 586 3561 A.
646 3517 669 3570 d)
683 3516 806 3559 destruissa
820 3520 847 3560 Δ.
901 3521 922 3567 1)
936 3520 962 3562 X.
978 3520 1028 3561 odd.
1042 3521 1068 3563 A.
1125 3520 1188 3567 state
1202 3519 1374 3568 Catinensium

202 3573 296 3621 scripsit,
315 3577 338 3610 ut
354 3572 389 3615 ‘M
403 3569 491 3610 Arettv’
507 3571 570 3618 XVI,
585 3583 609 3620 p.
623 3572 674 3611 334:
694 3572 718 3611 in
733 3583 777 3621 quo
791 3604 796 3615 .
811 3603 817 3614 .
830 3603 836 3614 .
850 3582 875 3611 se
889 3573 1040 3615 excluserunt.
1108 3573 1131 3623 g)
1145 3573 1176 3610 sie
1190 3573 1210 3610 B
1225 3584 1272 3610 eum
1285 3573 1318 3620 A,-
1338 3573 1374 3611 in-

202 3623 266 3674 gredi
280 3625 310 3673 P,·
331 3628 359 3674 et.
372 3636 442 3674 supra
451 3636 476 3673 p.
485 3625 506 3672 9,
521 3636 541 3667 n.
551 3624 570 3666 2.
625 3625 648 3672 h)
663 3626 694 3663 sie
707 3626 728 3662 P
739 3636 785 3663 eum
800 3626 832 3673 Αἰ
853 3625 938 3664 intrare
952 3627 977 3667 Β.
1032 3627 1049 3673 i)
1062 3625 1093 3664 sic
1106 3626 1130 3668 P.
1140 3626 1173 3673 A,·
1188 3625 1332 3665 intrauerunt
1345 3627 1372 3669 B.

202 3679 226 3727 k)
240 3679 296 3717 deest
309 3678 330 3716 P
340 3689 387 3717 cum
401 3679 428 3721 A.
480 3678 497 3725 l)
511 3679 542 3716 sic
555 3678 577 3716 P
586 3681 606 3716 et
619 3678 652 3726 1,·
665 3678 722 3716 deest
735 3679 762 3727 Β,
776 3679 813 3717 uti
826 3679 922 3728 augusti.
937 3679 1047 3729 Quinque.

201 3855 228 3920 1)
249 3854 307 3906 Otto
325 3855 447 3919 Morene,
467 3854 515 3907 SS.
534 3854 645 3919 XVIII,
662 3872 690 3921 p.
704 3856 771 3909 598:
795 3869 846 3920 per
863 3855 919 3904 tres
938 3851 1002 3907 dies.
1090 3855 1117 3922 2)
1133 3855 1197 3906 Vide
1215 3870 1281 3920 quoe
1298 3855 1371 3910 Ana.

200 3925 274 3978 Plae.
293 3925 361 3990 (aa,
382 3925 429 3979 SS.
449 3925 559 3990 XVIII,
576 3943 604 3993 p.
618 3927 671 3979 457
684 3942 730 3992 sq,
755 3931 778 3976 et
798 3925 874 3977 Gelo.
893 3924 1028 3988 Flamma,
1050 3926 1146 3978 Obron.
1167 3927 1264 3990 maias,
1285 3926 1370 3981 ‘Misc

200 3995 231 4046 di
248 3998 333 4047 storia
351 3996 426 4050 Ital!
449 3995 510 4061 VII,
533 4014 561 4063 p.
581 3997 634 4050 665
652 4012 699 4062 sq,
725 3995 756 4046 cle
777 3996 927 4062 praeceptis
953 3994 1100 4046 Guintelmi
1123 3997 1242 4060 fabulose
1266 3996 1371 4062 quim

200 4072 326 4121 merant.
363 4067 417 4118 His
434 4073 522 4118 tamen
539 4082 602 4117 vere
620 4067 749 4132 quaedem
767 4067 849 4117 inesse
867 4065 1047 4117 coemendam
1065 4072 1102 4117 est
1122 4082 1155 4118 ea
1172 4068 1294 4132 11111111
1313 4065 1371 4118 Otto

200 4135 313 4188 Morene
337 4137 354 4190 l.
376 4137 393 4191 l.
417 4154 445 4203 p.
460 4137 520 4190 598.
546 4143 570 4188 et
584 4137 747 4203 preasentim¹
764 4135 878 4187 Carmen
896 4136 928 4187 de
944 4138 1025 4201 gestis
1042 4137 1119 4190 Friel.
1138 4154 1161 4190 e.
1176 4139 1311 4202 1130111.
1330 4138 1370 4191 ecl.

200 4206 309 4258 Mataei
332 4208 431 4261 alicam.
521 4208 549 4274 3)
572 4208 666 4258 Etiam
683 4207 744 4259 Not.
764 4206 792 4260 S.
809 4208 926 4271 Georgii,
953 4208 1025 4260 Ana.
1044 4206 1150 4260 Medici.
1177 4207 1270 4273 breves,
1297 4208 1369 4258 Ana.

200 4278 241 4344 (S.
260 4277 414 4343 Eustorqie)
432 4278 540 4332 Mediol.
559 4279 623 4332 min.
642 4278 747 4344 (infra)
766 4274 823 4329 fere
842 4292 936 4329 omnes
955 4274 1101 4343 Papienses
1126 4276 1161 4328 in
1179 4275 1369 4346 Vegivano

139 4388 142 4390 -
198 4354 289 4416 captos
311 4364 363 4400 esse
387 4348 507 4414 tradunt,
532 4362 644 4414 quorum
662 4354 764 4399 eentum
781 4347 821 4398 ibi
837 4354 926 4415 captos
943 4363 996 4399 esse
1015 4348 1130 4413 Codeqn.
1149 4363 1235 4415 supra
1253 4349 1369 4415 scripsit.
